1854 3278
441 271 481 330 26

90 451 151 524 vel
179 449 335 549 publica
360 452 423 526 vel
449 451 609 542 occulta,
639 459 706 526 aut
738 459 831 526 nota

89 551 239 624 aiiare
229 551 457 649 incapacitat
461 578 480 625 e
498 569 565 624 ant
590 551 776 625 inhabili
760 560 831 626 tate

89 653 355 748 quoquomodo
377 661 579 724 contracta
607 651 831 765 dispensare

87 750 190 823 vela
169 750 336 848 aliquam
352 751 574 824 facultatem
593 749 765 824 tribuere
783 776 831 825 su-

86 875 156 947 per
172 849 386 948 praemissis
412 849 657 948 dispensandi
683 876 752 924 seu
777 851 831 924 ha·

87 948 277 1042 bilitandi,
297 959 334 1024 et
352 949 390 1022 in
409 950 613 1048 pristinum
630 957 773 1023 statum
787 975 831 1022 re

87 1048 270 1122 stituendi
289 1049 402 1123 etiam
416 1049 548 1122 info1o
567 1048 831 1123 conscientiae:

87 1174 210 1245 neque
229 1148 342 1222 etiarn
362 1149 542 1246 derogare
561 1147 831 1222 Constitutioni

88 1274 176 1320 cnm
201 1248 385 1346 appositis
414 1247 737 1322 deciarationibus
763 1247 831 1322 edi·

88 1356 150 1421 tae
169 1374 191 1420 a
207 1348 271 1422 fel.
291 1374 360 1422 rec.
380 1347 588 1422 Benedicto
603 1347 710 1422 XIV.
730 1347 831 1422 Prae

89 1447 282 1521 decessore
308 1447 459 1533 Nostro,
489 1473 585 1545 quae
611 1446 749 1545 incipit
773 1446 831 1522 Sa

88 1558 319 1621 crementum
345 1545 607 1622 Poeoiteatioe
635 1546 753 1646 (21);
780 1571 831 1620 ne

89 1673 163 1744 que
188 1646 341 1719 demum
369 1645 519 1720 easdem
546 1655 764 1744 praesentes
791 1645 831 1719 iis

89 1746 156 1844 qui
174 1773 196 1819 a
214 1745 336 1819 Nobis
354 1756 392 1819 et
410 1745 636 1844 Apostoiica
654 1744 762 1839 Sede,
775 1745 831 1819 ve]

89 1847 138 1919 ab
173 1844 301 1943 aliquo
327 1845 503 1918 Praelato
481 1871 606 1938 o,seu
629 1844 779 1960 judice
785 1871 831 1919 eo·

88 1944 299 2019 lesrastroo
309 1944 531 2018 nominatim
544 1971 831 2018 excommunica

88 2045 129 2138 ti,
156 2044 337 2159 suspensi,
364 2043 569 2137 interdicti,
589 2070 653 2118 seu
680 2044 809 2119 alias
797 2071 831 2118 1n

88 2143 293 2218 sententias
321 2152 359 2218 et
383 2170 557 2217 censuras
583 2142 761 2218 incidisse
781 2145 831 2218 de

89 2243 222 2317 clarati
249 2243 311 2317 vel
337 2242 491 2342 publice
517 2243 734 2316 denunciati
761 2244 831 2318 fue

89 2343 175 2435 rint,
194 2342 268 2416 nisi
293 2342 394 2417 intra
420 2343 657 2440 praedictum
685 2351 831 2442 tempus

89 2441 350 2535 satisfecerint,
377 2450 416 2516 et
446 2442 741 2541 compartibus,
771 2443 831 2516 ub

89 2568 185 2640 opus
220 2541 347 2628 fuerit
395 2542 717 2633 concordaverint,
754 2542 831 2615 ull<

90 2641 202 2714 modo
226 2641 425 2756 suffragari
457 2668 566 2739 posse
595 2648 661 2714 aut
688 2641 829 2716 debere

90 2739 205 2831 Quod
240 2740 272 2814 si
305 2740 407 2815 intra
440 2739 679 2840 praefinitum
713 2740 829 2814 termi
