1854 3278
481 298 521 358 30

125 487 220 562 gero,
233 473 276 536 ut
300 488 371 562 pro
385 460 612 536 stationibus
629 460 767 537 S.Viae
786 461 874 538 cru·

126 577 177 650 eis
196 578 308 677 vulgo
333 603 403 651 usu
427 577 587 652 venitt'’
616 576 653 653 S.
677 576 874 652 Poeniten·

125 694 235 767 tiaris
280 701 300 766 6
352 693 458 768 Febr.
501 700 608 785 1875,
650 695 874 793 respondit:

126 810 316 883 “Necesse
338 836 416 883 esse
441 810 568 909 egredi
605 810 653 885 ab
686 811 873 886 ecclesia'‘

126 925 186 998 Ex
210 951 286 1021 quo
323 925 527 1022 Responsa
552 925 873 1023 quemadmodum

126 1051 164 1115 et
185 1067 231 1113 ex
257 1041 349 1133 aliis,
364 1042 605 1139 consequitur
619 1041 873 1116 conditionem

126 1157 293 1230 eamdem
313 1157 505 1230 ecclesiam
530 1158 590 1231 bis
611 1159 696 1252 (aut
721 1159 752 1231 si
775 1158 873 1233 duae

126 1282 274 1347 tanturn
293 1273 483 1347 habentur
506 1273 690 1366 ecclesiae,
714 1283 785 1369 ter,
811 1274 872 1348 vel

126 1389 157 1464 si
184 1416 259 1462 una
282 1391 526 1483 solummodo,
554 1392 692 1488 sexies)
719 1392 871 1466 visitan-

125 1507 175 1599 di,
209 1507 399 1600 verificari,
421 1507 451 1578 si
483 1509 576 1604 quis,
611 1517 761 1606 peracta
795 1534 873 1582 una

125 1622 351 1716 visitatione,
394 1623 545 1696 ecclesia
586 1650 754 1724 egressus
788 1650 871 1698 eam

125 1737 261 1811 iterum
285 1739 333 1811 ad
360 1738 472 1811 aliam
499 1740 754 1813 visitationem
790 1766 870 1838 per·

126 1855 308 1952 agendam
333 1855 551 1953 ingreditur,
577 1883 645 1929 nec
670 1855 810 1952 requiri
827 1865 874 1931 ut

125 1971 197 2044 iter
220 1971 268 2043 ad
293 1972 485 2044 ecclesiam
509 1981 707 2070 repetatur.

179 2087 323 2159 Pariter
359 2088 390 2159 si
437 2088 523 2184 quis
562 2088 610 2162 ad
645 2089 872 2164 Iucrandum

125 2203 344 2278 Jubilaeum
379 2205 576 2277 confitetur
607 2213 677 2277 aut-
705 2203 740 2277 S.
765 2204 872 2278 Com·

125 2319 338 2392 munionem
363 2319 503 2416 recipit,
526 2320 654 2394 eadem
677 2321 872 2396 occasione

125 2462 275 2508 uname
298 2436 576 2511 visitationibus
607 2462 782 2537 peragere
807 2463 872 2537 po

125 2552 222 2644 terit,
249 2552 339 2649 quin
382 2579 427 2625 ex
462 2554 613 2628 ecclesia
644 2553 870 2650 egrediatur.

126 2669 229 2743 Idem
259 2669 402 2743 resolve
423 2669 470 2743 de
492 2696 534 2742 eo
556 2669 622 2768 qui
645 2669 799 2744 Missam
821 2670 872 2746 de

125 2794 323 2886 praecepto
348 2785 462 2861 audit.
772 2796 774 2800 ’
