1854 3278
421 311 460 372 29

60 474 160 550 duae
198 483 347 553 tantum
395 477 581 552 ecclesiae·
610 477 807 570 habentur,

59 600 129 685 ter,
151 592 212 666 vel
242 592 349 666 iniis
375 593 441 666 ubi
465 621 542 667 una
573 602 723 667 tantum
748 594 806 666 ad-

58 699 127 800 est,
167 707 286 783 sexies
324 710 487 784 adeatur.
549 709 662 800 Quod
700 708 730 782 si
770 709 806 781 in

58 823 84 896 J
88 823 240 899 ubilaeo
264 824 454 898 ordinario
474 851 533 898 res
555 825 664 898 aliter
687 851 725 898 se
749 825 808 898 ha·

59 938 135 1030 bet,
162 939 202 1012 id
229 940 317 1013 inde
348 950 404 1014 est
436 941 539 1039 quod
578 950 669 1014 tunc
703 967 808 1040 prae-

59 1054 174 1128 scribi
201 1056 329 1149 soleat,
352 1066 396 1130 ut
420 1083 495 1129 uno
522 1057 729 1154 eodemque
747 1057 808 1130 die

58 1180 235 1268 quatuor·
262 1171 444 1264 ecclesiae,
476 1199 615 1269 eaeque
649 1172 807 1246 diversis

58 1284 208 1379 diebus,
243 1287 468 1362 visitentur:
507 1314 603 1384 quae
638 1289 807 1361 clausula

57 1402 258 1499 repetitam
276 1428 352 1475 uno
378 1401 583 1499 eodemque
608 1401 668 1477 die
694 1404 807 1477 unius

56 1517 301 1615 ejusdemque
339 1518 514 1592 ecclesiae
551 1519 805 1592 visitationem

55 1635 262 1708 necessario
286 1634 459 1707 excludit.

111 1757 141 1825 3.
166 1749 232 1822 Ad
254 1750 415 1824 dubium
435 1749 538 1849 (4⁰⁰¹)
554 1778 561 1825 :
580 1750 806 1840 “Quatenus

55 1875 223 1964 quatuor
262 1866 302 1939 in
339 1866 400 1940 die
433 1867 670 1939 visitationes
704 1893 806 1966 prae·

57 1981 217 2080 scriptae
256 1982 296 2054 in
331 1983 452 2056 eadem
484 1983 638 2055 ecclesia
674 1984 802 2082 peragi

57 2091 231 2184 debeant,
258 2092 451 2188 quaeritur
470 2117 570 2184 num,
598 2092 646 2164 ad
680 2092 805 2191 hujus·

56 2208 160 2283 modi
196 2209 432 2282 visitationes
468 2209 567 2281 inter
602 2237 640 2283 se
678 2210 805 2283 distin-

56 2324 239 2423 guendae,
277 2351 423 2398 necesse
462 2324 510 2399 sit
556 2335 642 2422 post
679 2353 804 2400 unam-

56 2466 246 2537 quamque
279 2440 433 2514 ecclesia
463 2441 599 2539 egredi,
631 2469 677 2515 an
714 2469 803 2516 vero

56 2555 225 2640 sufficiat,
243 2555 282 2629 in
301 2556 429 2630 eadem
441 2557 593 2629 ecclesia
607 2559 803 2652 manend0,

55 2673 106 2745 de
128 2697 205 2744 uno
228 2671 267 2744 in
292 2672 407 2744 alium
432 2672 535 2744 illius
561 2673 683 2744 locum
708 2683 801 2746 tran-

55 2786 140 2874 sire,
165 2795 231 2861 aut
257 2786 369 2862 etiam
395 2789 655 2865 tantummodo
684 2816 802 2865 assur·
