1854 3278
410 291 450 354 27

56 486 159 564 num,
177 469 321 570 judicio
339 470 566 564 confessarii,
586 469 802 545 satisfacere

56 597 135 645 non
161 571 364 670 potuerint,
380 571 527 646 absolvi
553 596 803 685 1011111111-

56 669 184 744 dimus
202 671 240 744 in
258 672 342 744 foro
361 670 609 746 eonscientiae
633 670 681 742 ad
701 669 806 743 effec-

56 778 142 844 tum
168 771 367 844 dumtaxat
396 769 648 869 consequendi
683 768 804 841 indul·

55 868 227 969 gentiam
239 869 265 944 J
266 870 408 945 ubilaei
422 870 594 968 injuncta
607 866 804 967 obligatio·

55 994 106 1042 ne
124 968 381 1043 satisfaciendi
395 970 522 1043 statim
535 995 577 1041 ac
595 965 806 1066 poterunt.’'

109 1065 404 1164 Prosequantar
429 1068 593 1142 Ia'tterae
610 1066 804 1164 Apostoli·

57 1191 124 1242 eae
132 1170 343 1263 praesentis
360 1167 539 1242 Jattlaa.

113 1267 312 1340 Caeterum
338 1293 483 1340 summa
509 1293 598 1340 eura
629 1266 805 1339 studeant

58 1364 230 1440 universi
273 1392 446 1465 magnam
494 1366 567 1439 Dei
612 1375 806 1464 parentem

58 1465 266 1564 praecipuo
284 1491 352 1563 per
379 1465 421 1538 id
451 1473 599 1563 tempus
626 1464 808 1562 obsequio

60 1564 248 1662 cultuque
265 1564 457 1639 demereri.
511 1565 610 1638 Nam
627 1565 667 1637 in
686 1574 806 1661 patre

61 1663 164 1737 cinio
185 1663 441 1738 sanctissimae
458 1663 629 1763 Virginis
648 1691 669 1736 a
688 1663 807 1737 Rosa·

61 1765 125 1839 rio
160 1789 304 1836 sacrum
349 1764 420 1837 hoe
465 1764 684 1839 Jubilaeum
728 1789 809 1836 esse

62 1863 263 1937 volumus:
290 1862 446 1961 ipsaque
458 1863 643 1961 adjutrice
662 1861 810 1936 confidi-

63 1986 161 2054 mus
189 1987 264 2035 non
293 1989 431 2060 pauens
463 1963 622 2055 futuros,
649 1989 810 2060 quorum

64 2061 213 2136 animus
249 2061 399 2135 detersa
443 2062 689 2135 admissorum
723 2063 812 2134 iabe

64 2159 252 2260 expietur,
288 2162 447 2259 fideque,
482 2162 634 2259 pietate,
665 2161 812 2260 justitia

65 2287 143 2334 non
160 2260 273 2332 modo
290 2259 330 2332 in
348 2287 452 2360 spem
469 2261 603 2334 salutis
621 2260 813 2357 sempiter-

64 2385 148 2453 nae,
166 2359 232 2432 sed
264 2360 377 2433 etiam
403 2360 443 2432 in
474 2360 682 2459 auspicium
708 2386 812 2457 paea·

65 2457 178 2534 tieris
197 2458 281 2531 aevi
299 2469 512 2534 renovetur.

119 2557 291 2647 Quorum
309 2559 574 2631 beneficiorum
593 2557 813 2631 coelestium

67 2655 261 2754 auspicem
287 2668 539 2755 paternaeque
566 2658 727 2730 Nostrae
754 2658 815 2730 be·

67 2755 310 2832 nevolentiae
337 2767 472 2831 testem
499 2756 616 2851 nobie,
639 2766 677 2830 et
704 2756 815 2830 Olero
