1854 3278
472 290 512 350 60

171 472 199 523 c.
252 445 444 522 Sacerdoti
476 445 642 541 cuilibet,
671 454 780 524 extra
812 473 869 522 ex·

122 569 262 657 tremae
279 560 506 636 necessitatis
523 587 658 654 casum
679 562 801 635 omnis
822 564 870 635 fa·

123 677 242 751 cultas
250 687 290 751 et
300 676 510 777 jurisdictio
522 676 571 750 ad
582 677 870 752 sacramentales

123 792 369 868 confessiones
400 818 579 891 personae
610 792 803 891 complicis
829 794 869 866 in

121 918 272 1009 peccato
283 909 386 1006 turpi
395 916 523 981 contra
534 917 683 982 sextum
697 907 870 1010 decalogi

121 1034 361 1123 praeceptum
390 1023 594 1112 commisso
624 1022 870 1124 excipiendas

121 1141 309 1227 adimitur,
327 1141 350 1239 ἓ
369 1148 402 1215 4.

170 1258 203 1332 d.
238 1257 586 1331 Excommunicatio
616 1258 733 1354 major
765 1256 871 1332 latae

121 1374 325 1448 sententiae
348 1374 517 1447 Romano
543 1371 716 1446 Pontifici
733 1377 870 1471 specio

121 1488 260 1565 la'aac'rao
280 1490 385 1564 modo
403 1497 599 1584 reservata,
618 1487 805 1588 infligitur
822 1490 871 1564 iis

120 1605 187 1705 qui
217 1606 299 1681 ausi
324 1605 467 1681 fuerint
496 1605 688 1679 absolvere
715 1607 870 1704 compli-

120 1748 197 1795 cem
215 1722 253 1794 in
280 1730 431 1819 peccato
453 1723 565 1820 turpi,
584 1723 607 1822 ξ
627 1731 659 1799 4.
712 1722 869 1816 Quibus

119 1835 398 1910 conditionibus
422 1835 601 1936 Episcopi
630 1835 742 1911 Foed.
767 1835 868 1914 Stat.

119 1953 179 2026 vel
198 1951 262 2027 alii
292 1952 340 2026 ab
368 1952 459 2052 ipsis
476 1951 525 2025 ad
557 1952 627 2026 hoo
653 1951 869 2052 specialiter

119 2070 301 2168 deputati,
323 2069 436 2144 etiam
463 2070 622 2145 durante
653 2071 723 2144 hoc
757 2070 784 2145 J
786 2071 866 2146 ubi·

118 2186 209 2272 lae0,
226 2186 274 2259 ab
301 2185 370 2259 hac
392 2212 546 2261 censura
577 2186 769 2263 absolvere
800 2213 867 2263 va-

29 2372 31 2377 .
118 2305 230 2390 leant,
248 2301 336 2377 vide
353 2302 535 2378 Moralem
560 2312 733 2397 nostram,
757 2301 866 2380 Tom

118 2417 147 2492 Ι.
171 2444 206 2517 p.
233 2416 335 2500 lxxi,
352 2424 442 2488 nota
467 2423 498 2507 2,
519 2415 590 2489 sub
608 2415 644 2503 b,
663 2414 724 2489 vel
749 2413 864 2492 (lonc.

118 2533 218 2608 Plen.
236 2532 333 2607 Balt.
353 2557 390 2605 11.
407 2557 443 2630 p.
463 2555 586 2606 oxnvr.
604 2531 708 2607 Dacr.
726 2557 749 2607 1.
