1854 3278
420 140 459 199 35

90 257 92 261 >
120 307 152 376 3.
178 300 327 376 Servari
347 309 471 400 potest
488 325 724 399 quocumque
750 300 812 374 die

67 442 145 516 quo
171 443 216 492 ex
242 426 440 516 praecepto
467 417 654 490 Ecclesiae
681 443 753 490 ova
774 427 812 492 et

65 525 256 600 iacticinia
282 553 358 600 non
389 534 574 612 vetantur,
608 526 667 600 vel
697 529 733 599 vi
762 527 812 600 in·

67 642 168 716 dulti
185 641 518 741 quadragesimalis
531 642 811 740 permittuntur.

67 756 189 832 Breve
207 759 304 832 enim
324 758 415 831 dum
433 759 589 855 requirit
602 769 645 833 ut
662 759 710 832 fid
717 760 814 833 eles*

67 899 144 947 nno
154 874 215 948 die
228 876 406 973 jejunent,
417 875 556 972 excipit
567 884 713 947 tantum
733 873 813 950 dies

66 1003 83 1029 ‘⁴
95 989 135 1062 in
146 990 459 1089 quadragesimali
472 990 621 1064 indulto
634 1017 709 1064 nou
721 1015 811 1062 com·

65 1106 270 1205 prehensos
284 1107 311 1172 ’'.
331 1134 397 1182 seu
426 1108 474 1181 ab
506 1134 550 1181 eo
575 1107 752 1192 exclusos),
775 1115 812 1179 et

65 1223 149 1297 dies
191 1224 333 1297 “simili
377 1224 494 1298 stricti
534 1225 630 1324 juris
670 1222 813 1324 J'ejunio

13 1351 17 1362 '
64 1366 113 1412 ex
128 1350 326 1438 praecepto
347 1340 535 1414 Ecclesiae
556 1341 812 1414 consecratos'’

119 1463 153 1530 4.
182 1456 277 1530 Cum
295 1458 345 1531 sit
367 1455 532 1530 conditio
560 1457 639 1530 sine
656 1482 733 1553 qua
749 1456 774 1530 J
776 1482 812 1529 u·

64 1572 233 1645 bilaeum
251 1599 359 1647 nemo
377 1572 553 1670 consequi
570 1581 696 1672 potest
709 1571 813 1666 (Bon.

64 1692 146 1766 xiv.
173 1719 203 1768 e.
229 1690 334 1767 Inter
349 1694 577 1790 praeteritos,
607 1693 629 1792 ἓ
662 1697 683 1768 7
687 1697 741 1790 3.),
764 1693 817 1766 ab

64 1807 144 1882 illis
172 1809 283 1881 etiam
318 1809 541 1883 servandum
575 1807 641 1908 qui
675 1809 819 1883 ratione

66 1923 212 2018 aetatis,
234 1924 383 2019 laboris,
407 1925 646 2013 valetudinis,
671 1935 747 2016 eto,
771 1926 820 2000 ad

72 2037 170 2111 illud
199 2048 271 2113 non
298 2048 475 2114 tenentur
503 2049 570 2115 aut
599 2039 647 2114 ab
675 2066 719 2114 eo
746 2039 817 2114 dis-

72 2155 219 2253 pensati
237 2157 346 2231 fuere.
399 2157 652 2254 Excipiuntur
668 2167 815 2232 tantum

72 2270 131 2344 illi
167 2299 326 2369 quorum
364 2273 505 2358 farore,
541 2274 736 2346 sufficienti
770 2272 818 2347 de

72 2413 194 2474 causa,
225 2416 247 2462 a
275 2389 499 2463 confessario
525 2389 566 2462 in
591 2389 696 2462 atiud
723 2415 819 2487 opus

72 2512 332 2579 commutatur.
403 2507 526 2579 Causa
561 2532 661 2593 vere,
686 2513 731 2578 ut
770 2503 819 2577 sit

72 2619 268 2706 sufficiens,
305 2623 415 2719 juxta
449 2623 632 2697 Doctores
668 2620 819 2720 gravior

75 2781 128 2832 bus
139 2782 216 2832 cetra
230 2780 324 2896 quadr
394 2780 471 2830 ‘oram
475 2778 644 2846 particulari
654 2781 754 2840 tumen,
765 2790 821 2828 non

76 2846 225 2898 universali
247 2863 304 2912 ege.
405 2847 475 2914 ings,
488 2845 577 2898 nucu.
588 2844 670 2909 Mor„
679 2860 707 2898 n.
720 2841 819 2913 noo-n

73 2917 103 2964 et
114 2927 170 2977 seq.
206 2911 272 2966 Not.
286 2911 350 2966 edic.

108 3014 212 3069 ‘Duos
220 3013 377 3070 dies-Jub.
391 3013 463 3070 1886.
496 3013 535 3070 N.
549 3015 613 3070 edit.
