1854 3278
443 325 480 384 65

89 502 203 576 beant
187 509 251 576 tur
281 501 356 576 cibi
391 502 579 596 esuriales,
607 502 726 576 vetito
760 528 832 616 usu

90 602 188 675 circa
232 601 379 699 qualita
358 610 457 676 atem
500 602 670 676 ciborum
713 601 832 675 cuius·

89 727 250 799 cumque
268 701 409 775 indulti
428 728 493 775 seu
511 701 703 815 privilegii
722 700 833 774 etiam

88 800 220 873 bullae
235 799 387 874 Cruciat
372 809 442 875 t.ae
494 800 594 874 In''
570 827 615 873 us
633 826 722 873 vero
740 799 833 872 locis

89 899 158 972 ubi
177 899 270 972 cibis
291 899 515 973 esurialibus
533 911 576 973 ut
561 898 822 973 tidifficile't
772 907 832 982 ιιι,

92 998 313 1071 Ordinarios
339 1025 449 1097 posse
476 999 675 1098 indulgere
692 1007 736 1072 ut
762 1024 834 1070 ova

92 1106 130 1171 et
147 1097 235 1171 lact
208 1098 339 1171 treinia
356 1098 617 1191 adhibeantur,
630 1124 688 1171 ser
690 1107 777 1171 vata
794 1097 833 1169 in

92 1197 248 1271 caeteris
266 1197 397 1271 ieiunii
387 1158 658 1271 ecclesiastici
675 1198 806 1270 forma.

140 1296 190 1371 ΙΙ.
219 1296 539 1371 christifidelibus
574 1324 658 1371 curn
693 1296 834 1394 capitu·

90 1395 147 1488 lis,
167 1396 529 1495 congregationibus,
557 1396 834 1470 confraternita-

92 1496 203 1590 tibus‚
237 1495 408 1594 coliegiis
435 1522 503 1570 uec
537 1522 612 1568 non
642 1522 727 1568 cum
754 1522 835 1593 pro·

91 1595 175 1693 prio
205 1596 369 1693 parocho
399 1604 464 1669 aut
448 1595 689 1669 tsacerdote
715 1595 764 1667 ab
791 1620 834 1667 eo

91 1696 274 1793 deputato
322 1694 496 1769 ecclesias
539 1720 609 1791 pro
651 1693 834 1766 lucrando

89 1793 195 1867 Iubil
198 1821 265 1867 aeo
293 1792 621 1892 processionaliter
653 1790 835 1865 visitanti·

89 1894 162 1967 bus
165 1893 377 1991 ‚applicari
404 1920 513 1992 posse
540 1893 589 1966 ab
624 1891 836 1966 Oldinariis

81 1953 321 2067 indbltum
311 2020 350 2065 ιιι
370 1993 434 2066 litt
419 1993 507 2067 teris
534 1991 803 2090 apostolicis
778 2016 836 2064 us·

93 2093 180 2166 dem
232 2092 420 2190 capitulis,
483 2091 836 2192 congregationibus

93 2201 161 2266 etc.
190 2217 414 2267 concessum.

145 2290 217 2364 ΙΠ.
244 2290 334 2365 Una
362 2291 570 2388 eademque
606 2290 838 2364 confessione

95 2398 133 2463 et
152 2389 411 2463 communione
430 2416 504 2462 non
531 2416 641 2488 posse
666 2398 722 2462 sat
707 2388 838 2461 tisfieri

94 2497 297 2602 praecepto
331 2489 501 2587 paschali
547 2497 584 2564 et
631 2488 743 2562 simu]
780 2514 838 2560 ac-

75 2586 199 2685 -quiri
226 2588 449 2662 Iubilaeum.

149 2686 217 2760 IV
245 2686 459 2761 Iubilaeunr
487 2685 672 2784 quoad]
631 2712 657 2784 p
675 2685 839 2760 enariam

97 2786 311 2886 indulgent
301 2813 375 2861 ram
412 2786 470 2860 bis
509 2796 575 2861 aut
608 2786 752 2886 pluries
786 2812 840 2860 ao
