1854 3278
446 302 485 362 36

91 483 168 532 esse
187 455 300 532 debet
319 461 361 530 et
378 483 476 555 quae
501 456 665 558 exigitur
688 466 733 532 ut
750 457 840 556 quis

90 600 113 648 a
132 572 277 672 jejunio
298 574 347 646 ab
365 572 533 646 Ecclesia
550 583 749 672 praecepto
770 573 838 646 dis

88 699 272 790 pensetur.
304 688 449 763 “Ratio
460 689 545 774 est,”
558 688 611 762 ait
622 689 724 763 Viva
733 689 840 788 apud

88 805 273 880 Loiseaux
295 801 444 905 (llaite'
462 805 514 879 do
531 805 669 891 debile,
680 831 715 903 p.
730 806 839 906 269),

90 922 211 1019 “quia
237 922 298 994 lex
325 922 571 996 ecelesiastica
609 921 656 995 de
693 922 840 1020 jejunio

89 1038 233 1138 obligat
254 1039 366 1112 etiam
384 1039 553 1112 nolentes
566 1066 576 1136 3
592 1039 703 1123 unde,
721 1065 770 1113 ne
788 1039 840 1113 sit

51 1245 52 1248 Ἴ
88 1154 198 1227 nimis
210 1156 348 1254 gravis,
362 1165 479 1229 cessat
492 1155 670 1254 obligare,
686 1155 716 1228 si
735 1156 839 1229 adsit

89 1296 198 1343 causa
209 1271 392 1344 sufficiens
404 1281 441 1344 et
457 1272 751 1369 proportionata.
778 1273 839 1345 At

88 1385 138 1459 ad
166 1387 351 1485 jejunium
369 1386 537 1461 Jubilaei
569 1413 642 1459 non
669 1386 837 1486 obligan-

87 1510 152 1576 tur
169 1502 240 1575 nisi
258 1503 437 1587 volentes,
456 1513 494 1576 et
513 1502 633 1576 veluti
653 1529 698 1575 ex
716 1503 838 1577 tacito

87 1627 208 1717 paeto
241 1618 331 1716 qnia
373 1618 493 1692 solum
521 1619 739 1718 obligantur
767 1620 837 1717 qui

88 1735 221 1808 volunt
256 1734 282 1808 J
284 1733 476 1807 ubilaeum
510 1734 667 1809 lucrari:
714 1738 838 1834 major

88 1860 214 1925 autem
231 1876 342 1924 eausa
359 1852 572 1948 requiritur,
593 1858 636 1924 ut
649 1850 836 1946 jejunium

88 1967 136 2041 sit
148 1966 257 2040 valde
269 1992 464 2040 onerosum
478 1976 514 2040 et
527 1966 676 2040 difficile
690 1967 836 2042 volenti

88 2110 200 2180 quam
231 2083 383 2158 nolenti.
441 2083 544 2183 Ergo
575 2087 694 2183 major
724 2110 837 2157 eausa

87 2199 301 2297 requiritur,
336 2209 380 2274 nt
418 2199 562 2298 possint
596 2199 740 2300 jejunia
766 2199 795 2275 J
798 2227 837 2275 u·

86 2315 199 2389 bilaei
241 2314 470 2407 commutari,
506 2341 619 2414 quam
661 2326 704 2390 ut
748 2317 836 2414 quis

87 2459 109 2505 a
136 2432 325 2530 superiore
354 2431 393 2504 in
408 2430 560 2529 jejuniis
578 2431 836 2507 ecelesiasticis

87 2547 356 2646 dispensetur.”

121 2706 440 2786 Eaeultastoonoedendi
462 2722 513 2759 oro
535 2710 563 2760 et·
594 2707 733 2761 lacticinia
755 2710 836 2763 Ordi-

85 2773 458 2907 mssplgffliffigogp
472 2775 765 2894 lllffiiillall
782 2778 835 2830 ”⁶⁴
