1854 3278
442 297 485 360 25

91 478 175 573 bus,
194 488 308 578 prout
329 478 378 554 de
404 483 496 579 jure,
515 478 732 555 absolvere:
758 504 837 553 nec·

92 605 169 653 non
187 589 278 652 vota
300 593 557 678 quaecumque
575 579 688 653 etiam
713 583 838 678 jurata

92 678 246 754 aeSedi
264 679 510 776 Apostolicae
536 688 725 752 reservata
745 677 836 791 (cas-

90 778 224 871 titatis,
236 778 429 893 religionis
456 777 561 878 (19),
581 788 619 854 et
636 777 837 876 obligatio-

90 878 159 971 nis,
179 905 276 992 qnae
294 905 316 950 a
333 877 447 952 tertio
465 887 659 975 acceptata
684 877 836 968 fuerint,

45 1037 47 1040 v
90 1004 159 1052 seu
177 976 218 1050 in
236 978 374 1075 quibus
393 977 534 1149 agitur·
537 978 585 1051 de
604 976 836 1074 praejudicio

89 1077 207 1170 tertii,
226 1103 373 1174 semper
390 1075 565 1174 exceptis,
580 1103 725 1150 necnon
756 1102 837 1174 poe·

88 1135 244 1250 nulibus
245 1203 368 1274 ,quae
394 1176 675 1274 praeservativa
702 1204 723 1249 a
752 1203 837 1274 pec-

89 1275 187 1350 catis
205 1287 479 1374 nuncupantur,
499 1275 571 1349 nisi
592 1276 838 1350 commutatio

88 1377 224 1449 futura
251 1375 444 1475 judicetur
472 1375 666 1473 ejusmodi,
695 1385 840 1449 utnon

89 1475 217 1549 minus
243 1503 266 1548 a
290 1484 444 1574 peccato
473 1476 741 1550 committendo
782 1502 837 1549 re-

90 1575 248 1667 fraenet,
263 1601 377 1672 quam
395 1574 498 1672 prior
511 1575 591 1647 voti
607 1576 782 1672 materia)
800 1574 838 1648 in

74 1674 170 1773 ‘alia
186 1673 298 1773 piaet
311 1673 493 1748 salutaria
507 1701 621 1771 opera
638 1685 840 1748 commnta-

89 1800 142 1867 re,
162 1783 200 1848 et
228 1799 314 1846 cum
343 1774 627 1872 poenitentibus
651 1775 840 1873 hujusme

90 1873 133 1947 di
163 1873 203 1946 in
232 1872 356 1947 Sacris
383 1873 593 1948 Ordinibus
614 1873 838 1966 constitutis,

91 1972 208 2048 etiam
251 1973 497 2072 regularibus,
534 2001 647 2072 super
692 1975 843 2047 occulta

93 2072 370 2172 irregularitate
397 2074 446 2148 ad
475 2074 696 2149 exercit-ium
714 2101 841 2148 eorun-

91 2173 181 2246 dem
200 2172 396 2267 Ordinum,
416 2184 454 2248 et
472 2175 520 2248 ad
538 2173 773 2272 superiorum
791 2200 842 2247 as·

91 2272 333 2366 secutionem,
350 2275 399 2347 ob
415 2300 654 2348 censurarum
674 2272 842 2346 violatio·

92 2398 181 2446 nem
190 2371 389 2447 dumtaxat
409 2382 610 2466 eontracta,
623 2373 841 2471 dispensare

92 2471 214 2572 possit
231 2483 269 2547 et
290 2474 416 2547 valeat
437 2473 547 2572 (20).

145 2573 264 2647 “Non
279 2572 590 2646 intendimust
525 2578 590 2645 aut
592 2598 651 2646 em
664 2596 732 2669 per
742 2596 842 2668 prae-

93 2681 219 2748 sentes
239 2699 354 2770 super
371 2672 447 2745 alia
473 2671 607 2785 quavis
633 2669 843 2769 irreguiari·

92 2781 174 2849 tate
194 2771 274 2846 sive
291 2797 337 2846 ex
356 2769 545 2846 delicto
516 2796 596 2845 sive
615 2796 661 2845 ex
679 2770 842 2859 defectu,
