1854 3278
480 295 522 354 34

230 492 294 592 (3)
322 491 518 566 Jnrunrun
544 515 781 572 nneursrrun.

184 698 217 767 1.
267 691 450 764 Excludit
493 715 603 762 usum
644 713 719 761 non
756 687 881 760 carnis

131 815 289 899 tanturn,
302 807 367 880 sed
386 831 542 878 ovorum
560 804 671 878 etiam
687 813 723 877 et
741 803 880 876 lactici-

132 923 288 997 niorum.
365 922 475 995 Patet
519 947 564 994 ex
611 920 703 1018 ipsis
742 919 880 993 Brevis

132 1039 281 1114 verbis:
323 1050 340 1079 “
353 1035 576 1112 esurialibus
607 1047 752 1110 tantum
783 1035 882 1108 cibis

131 1163 281 1227 utentes
306 1153 504 1253 jejunent.‘’
557 1152 747 1225 Esuriales
775 1178 880 1224 narn-

133 1296 207 1366 que
233 1270 317 1356 eibi,
343 1277 437 1343 teste
464 1268 554 1343 Ben.
585 1269 660 1344 xiv,
683 1271 730 1368 (c.
751 1268 804 1341 In
823 1295 880 1342 sn-

125 1411 267 1482 premn,
295 1385 317 1483 ξ
348 1386 413 1482 2.),
431 1385 458 1456 ii
480 1396 568 1459 sunt
598 1411 693 1482 quos
711 1385 882 1458 Ecclesia

134 1500 426 1597 diebus*quibus
445 1501 565 1574 stricti
586 1501 680 1600 juris
693 1501 882 1598 jejunium

135 1617 172 1716 (“
186 1616 375 1716 dlnclrfust
387 1616 422 1712 ’')
449 1617 587 1690 servari
602 1616 885 1714 praescribitur,

134 1761 208 1807 non
226 1733 438 1807 interdicit:
465 1732 656 1806 interdicit
675 1742 802 1806 autem
821 1733 885 1807 his

134 1850 269 1923 diebus
280 1859 318 1921 et
334 1874 470 1933 carnes,
481 1857 518 1920 et
533 1875 614 1941 ova,
629 1858 667 1922 et
684 1847 885 1924 lacticinia„

186 1973 217 2040 2.
246 1964 485 2062 Expostulat‚
504 1973 548 2037 ut
574 1991 647 2037 non
675 1965 739 2038 alii
765 1991 884 2062 quam

43 2111 45 2114 ’
135 2081 208 2154 cibi
227 2080 405 2155 esuriales
431 2081 593 2154 edantur
613 2081 659 2153 iis
677 2080 789 2154 etiam
809 2082 885 2156 die-

134 2199 212 2271 bus
233 2197 384 2293 quibus,
405 2197 444 2268 vi
471 2195 612 2269 indulti
642 2197 887 2296 quadragesi-

135 2313 244 2386 malis
282 2337 347 2384 seu
382 2315 649 2409 cujuscumque
693 2313 887 2414 privilegii

137 2428 193 2527 (S.
209 2425 352 2501 Poeuit.
375 2433 420 2499 26
440 2427 550 2501 Febr.
572 2430 641 2504 187
646 2428 688 2526 9)
709 2429 772 2501 vel
800 2457 888 2504 con-

136 2542 346 2617 suetudinis
402 2541 460 2641 (Β.
506 2542 649 2618 Poenit.
698 2551 721 2616 4
769 2545 887 2621 Mart.

138 2666 207 2735 187
212 2658 267 2757 9),
302 2657 384 2732 ovis
415 2667 454 2732 et
488 2658 690 2761 lacticiniis
713 2660 814 2734 vesci
845 2660 888 2736 li·

136 2783 204 2850 cet.

171 2935 244 3011 *cin
265 2937 386 3049 temfm?
413 2931 638 2997 Quadragesimae
661 2933 718 3009 (sed
735 2933 886 2988 hodiedum

139 3001 274 3077 plerisque
284 3000 314 3077 in
336 2997 493 3074 ocrsqdatur
504 2998 560 3048 fere
570 2999 705 3075 generalis
717 2999 887 3076 dispensatio

138 3068 175 3120 ud
187 3067 347 3130 lact1cm1a);
368 3067 450 3116 etiam
464 3066 556 3115 tamen
567 3079 597 3115 in
608 3063 744 3132 aliquibus
756 3067 886 3119 dioecesi·
