1854 3278
446 207 484 266 51

88 405 176 512 (15)
205 404 437 479 Moummun
464 429 506 477 m
534 429 726 478 amomum
751 427 834 478 oon·

227 561 404 612 uussnmo
430 561 689 610 vamuemu.

124 728 168 820 ‚L
195 719 357 794 Nomine
386 720 609 794 matellam
643 745 739 816 quae
766 717 836 790 hoc

87 835 285 935 privilegio
328 835 505 934 iadiqmt,
541 844 640 908 cento
680 835 835 907 veniunt

87 951 173 1025 illae
205 977 302 1048 quae
329 960 417 1024 vota
448 951 625 1024 solemnia
651 951 835 1048 professae

88 1094 129 1141 ae
147 1068 187 1141 in
205 1068 380 1141 clausura
397 1066 522 1164 papali
542 1067 687 1159 vivunt,
706 1066 836 1163 quales

89 1182 191 1283 apud
222 1209 296 1276 nos,
315 1209 361 1256 ex
390 1182 423 1256 S.
442 1182 550 1257 Sedis
580 1182 835 1275 declaratione,

88 1299 189 1373 solae
216 1307 303 1373 sunt
338 1299 521 1373 Moniales
557 1325 578 1372 a
611 1298 837 1372 Visitatione

88 1414 228 1489 Beatae
255 1414 423 1513 Virginis
441 1423 691 1512 nuncupatae,
713 1423 759 1506 ct,
792 1441 837 1489 ex

87 1529 157 1624 his,
177 1530 277 1603 solae
307 1530 393 1603 illae
420 1557 518 1627 quae
535 1530 575 1601 in
605 1530 837 1602 monasteriis

86 1647 257 1720 locorum
304 1646 561 1744 Georgetown,
606 1645 759 1739 Mobile,
804 1646 838 1725 S.

96 1761 280 1834 Ludovici
328 1769 365 1834 et
408 1761 634 1834 Baltimoiae
686 1760 836 1860 degunt,

91 1877 235 1950 “Vota’'
247 1886 373 1950 autem
388 1883 507 1975 “quae
513 1880 528 1907 ’'
542 1879 580 1950 in
594 1878 652 1950 his
664 1877 838 1951 Foedera·

88 1996 140 2067 tis
167 1993 339 2067 Statibus
358 2000 377 2033 “
389 1994 437 2066 ab
456 1993 538 2066 aliis
557 1993 782 2067 monialibus
800 1993 840 2068 in

91 2109 323 2182 monasteriis
343 2113 419 2207 jam
437 2110 567 2183 erectis
585 2109 838 2203 emittuntun,’'

90 2224 265 2299 habenda
279 2234 367 2298 sunt
385 2225 600 2323 “simplicia,
614 2235 770 2324 excepto
789 2253 840 2299 ea-

92 2367 137 2413 su
148 2367 225 2438 quo
234 2341 471 2439 Rescriptum
482 2369 550 2440 pro
564 2343 660 2415 votis
676 2343 840 2415 solemni·

92 2458 166 2529 bus
184 2457 398 2530 emittendis
429 2458 476 2530 ab
495 2457 719 2554 Apostolica
746 2458 841 2531 Sede

93 2573 327 2646 obtinuerint
340 2574 359 2608 ’³
380 2574 509 2671 (Cone.
534 2574 634 2647 Plen.
663 2574 759 2648 Balt.
789 2575 840 2650 ΙΙ.

94 2717 125 2763 a.
146 2689 250 2786 419).
303 2689 446 2775 Eodem
463 2689 660 2790 privilegio
675 2689 841 2790 indigere
