1854 3278
426 326 464 385 31

122 486 384 563 Resolutiones
414 490 485 563 sub
518 489 589 563 hoc
625 499 732 563 num⁰
757 489 816 563 da·

68 621 133 679 tae
146 605 222 678 ruri
234 605 451 702 praesertim
469 606 535 678 ubi
548 606 677 678 fideles
686 607 817 704 procul

69 722 121 794 ab
133 720 284 793 eeclesia
296 721 439 820 degunt
453 730 519 794 aut
540 721 745 796 sacerdotis
763 747 816 793 co-

67 837 173 936 piam
183 837 339 936 singulis
351 836 546 911 dominicis
570 863 645 910 non
665 837 816 928 habent,

67 952 132 1027 vel
155 951 269 1026 etiam
291 953 331 1026 in
350 954 514 1027 urbibus
545 953 613 1026 ubi
642 953 816 1029 ecclesiae

67 1067 293 1141 visitandae,
324 1069 487 1143 multum
525 1097 548 1142 a
579 1095 618 1142 se
656 1069 816 1142 invicem

69 1184 224 1277 distant,
243 1210 316 1258 usu
343 1184 468 1258 venire
495 1194 681 1282 poterunt.

121 1309 153 1376 4.
178 1301 345 1377 Ecelerr'a
407 1303 582 1376 visitetur
641 1312 815 1402 oporiet:

68 1443 167 1516 quae
185 1415 351 1491 conditio
379 1419 559 1516 impletur
586 1419 815 1492 etiamdum

67 1532 246 1606 visitatur
289 1533 444 1630 aliquod
490 1535 665 1608 sacellum
712 1535 814 1632 quod

54 1659 209 1749 partem
231 1649 320 1723 facit
333 1650 510 1724 eeclesiae
519 1655 630 1749 cujus
643 1651 814 1724 visiiatio

66 1764 272 1860 requiritur
301 1765 549 1865 (Prinzivalli,
577 1767 683 1841 Decr.
710 1766 744 1841 S.
772 1766 813 1841 0.

67 1880 217 1980 Indulg.
263 1908 296 1956 n.
347 1883 539 1981 cnxrw.);
595 1909 667 1955 non
727 1908 814 1956 vero

66 1995 158 2068 dum
171 1995 559 2072 visitaturoratorium
569 1999 814 2072 domesticum

64 2112 334 2212 reiigiosorum,
369 2114 457 2188 licet
488 2141 616 2187 murus
643 2115 814 2188 ecclesiae

64 2239 210 2327 partem
242 2230 408 2326 ejusdem
441 2231 584 2321 efficiat,
607 2240 644 2303 et
668 2257 735 2329 per
764 2231 814 2303 fe-

63 2354 229 2419 nestram
244 2356 309 2419 au‘r
328 2347 436 2420 aliter
450 2355 668 2444 prospectus
699 2373 745 2419 ex
770 2373 813 2419 eo

63 2460 105 2533 in
152 2462 364 2535 ecclesiam
392 2463 510 2538 detur.
584 2463 644 2536 Ita
681 2463 811 2535 saitem

64 2577 327 2651 resolvendum
342 2590 398 2652 est
409 2605 495 2652 casu
508 2606 585 2677 quo
597 2580 811 2670 oratorium,

64 2691 136 2765 etsi
177 2693 353 2768 fidelibus
392 2685 454 2768 via
491 2694 538 2768 ad
566 2695 663 2768 iilud
691 2722 736 2768 ex
761 2721 810 2768 ec-

65 2806 178 2882 clesia
197 2818 352 2908 pateret,
372 2809 637 2909 principaliter,
656 2821 700 2886 ut
715 2837 806 2885 asso
