1854 3278
444 303 483 366 53

142 476 173 545 2.
198 468 287 544 Non
305 477 430 551 tamen
449 494 543 568 opus
560 477 624 556 est,
641 477 685 543 ut
704 469 837 543 confes·

88 586 209 660 sarius
244 586 293 660 sit
327 587 557 684 approbatus
591 610 660 684 pro
695 585 838 658 Monas·

88 701 185 776 terio
214 703 274 776 cui
304 701 492 800 adscripta
526 711 582 776 est
618 701 789 775 monialis
818 728 839 774 a

89 842 168 916 qua
196 818 357 918 eligitur.
418 818 561 893 Sufficit
592 828 636 892 ut
664 828 750 892 actu
780 843 838 916 ap·

88 934 272 1033 probatus
314 932 362 1007 sit
404 956 473 1032 pro
526 934 758 1008 Monialibus
800 934 840 1006 in

88 1075 224 1149 genere
266 1051 422 1148 alicujus
465 1050 650 1144 dioecesis
678 1059 744 1125 aut
770 1076 839 1149 pro

90 1165 265 1264 quolibet
303 1166 520 1265 particulari
561 1167 728 1266 ejusdem
769 1192 840 1239 mo·

88 1282 264 1356 nasterio.

143 1403 174 1471 3.
200 1397 410 1471 Praesentia
453 1399 549 1471 siout
592 1407 629 1472 et
671 1397 840 1496 proxime

90 1509 293 1607 superioris
310 1509 334 1583 J
338 1509 478 1583 ubilaei
507 1509 674 1583 Litterae
702 1509 840 1582 clausu-

90 1625 168 1698 lam
185 1624 335 1718 habent‚
350 1634 396 1698 ut
413 1625 599 1699 moniales
617 1625 751 1724 eligere
770 1624 841 1696 sibi

90 1740 236 1840 possint
254 1742 515 1815 confessarium
546 1767 591 1815 ex
609 1753 693 1816 cora
714 1767 841 1840 appro-

90 1857 192 1932 batis
223 1884 292 1956 pro
309 1858 541 1933 monialibus,
599 1859 725 1949 Quare
743 1873 840 1958 prae·

92 1974 189 2048 sonti
210 1974 235 2048 J
237 1975 387 2048 ubilaeo
417 1975 597 2072 applicari
614 1975 716 2049 haud
736 2002 843 2074 posse

91 2085 244 2160 videtur
286 2087 486 2162 declaratio
527 2090 561 2162 S.
605 2089 748 2163 Poenit.
797 2096 842 2162 10

92 2201 203 2277 Mart.
236 2205 341 2293 1750,
371 2205 410 2276 vi
439 2208 545 2303 cujus
572 2205 684 2279 semel
716 2231 843 2303 appro-

91 2317 207 2391 batus
226 2344 295 2415 pro
307 2319 531 2393 monialibus
547 2320 644 2420 (sive
662 2329 843 2418 tanquam

95 2433 306 2508 ordinarius
328 2436 407 2509 sive
434 2443 613 2533 tanquam
645 2436 843 2510 extraordi.

93 2550 242 2652 narius)
262 2551 349 2650 eligi
377 2561 511 2649 potest,
528 2552 617 2627 licet
635 2556 715 2649 ejus
737 2553 843 2650 juris-

93 2667 211 2742 dictio
246 2670 408 2763 cessarit,
443 2668 647 2742 dummodo
692 2669 741 2742 ob
785 2668 842 2742 ‹le-

93 2782 229 2858 merita
246 2810 343 2882 quae
360 2783 460 2884 ipsas
487 2783 734 2860 confessiones
762 2808 843 2858 con·
