1854 3278
448 258 486 318 47

89 417 326 492 morantibus
360 417 400 490 in
431 418 705 493 communitate.
758 419 835 492 Ho-

91 556 175 606 rum
194 534 293 608 enim
311 534 441 607 favore
459 534 549 608 Pius
566 535 647 625 ΙΧ.,
668 540 713 608 18
732 534 833 632 Sept.

94 655 190 723 1862
220 648 340 748 (Acta
357 648 396 724 S.
415 649 529 743 Sedis,
549 651 589 724 Τ.
608 649 657 725 Π.
676 675 710 747 p.
732 653 834 748 538),

90 763 348 838 commutandi
391 773 616 863 potestatem
659 765 836 838 concessit

89 877 325 953 confessariis
344 879 393 953 ad
409 879 606 953 lucrandas
625 884 780 953 “omnes
798 890 835 953 et

90 995 258 1094 singulas
310 995 572 1094 Indulgentias
620 996 806 1094 plenarias
818 997 834 1030 ''

92 1110 138 1211 (J
140 1111 333 1186 ubiiaeum
348 1138 420 1184 non
437 1112 655 1210 excipiens),
670 1117 835 1186 “conces
877 1134 882 1142 ·

91 1253 150 1300 sas
178 1228 240 1303 vel
266 1228 304 1301 in
330 1239 520 1327 posterum
552 1228 834 1303 concedendas.”

90 1343 189 1418 Cum
216 1345 430 1441 praefatum
462 1343 613 1418 a¹1862
645 1345 835 1419 decretum

89 1459 325 1556 recipiendae
357 1460 638 1534 Communionis
669 1461 836 1557 impossi-

89 1572 234 1648 bilitati
258 1601 303 1648 ex
329 1575 550 1673 impotentia
568 1604 587 1649 e
605 1575 715 1648 domo
741 1603 836 1674 egre·

89 1689 222 1763 diendi
247 1691 422 1783 existenti
450 1691 638 1765 consulere
664 1691 834 1782 voluerit,

90 1804 320 1901 quibusdam
371 1805 524 1880 videtur
574 1807 836 1880 confessarium

89 1921 344 1994 commutandi
374 1922 557 1995 facultate
594 1922 652 1996 uti
678 1949 751 1996 non
779 1950 835 1996 va·

89 2035 168 2108 lere
193 2061 280 2110 casu
305 2063 381 2133 quo
407 2037 624 2136 hujusmodi
650 2038 833 2112 chronicis

90 2149 125 2224 S.
140 2151 362 2225 Communio
379 2153 419 2225 in
444 2179 510 2226 sua
535 2153 701 2252 ipsorum
726 2154 835 2227 domo

90 2266 246 2341 affertur
263 2294 330 2342 seu
348 2268 537 2342 afferenda
555 2269 718 2344 offertur.

141 2381 255 2474 Quod
282 2384 313 2457 si
339 2383 434 2480 quis,
452 2385 611 2482 peractis
631 2385 742 2458 modo
760 2411 837 2467 oae2

90 2499 179 2572 teris
205 2498 393 2597 operibus,
423 2499 557 2572 ultimo
583 2500 607 2574 J
612 2498 750 2574 ubiiaei
776 2500 836 2573 die

89 2613 441 2708 communicaturus,
478 2616 526 2688 ob
557 2615 717 2688 fractum
749 2642 835 2688 casu

88 2729 245 2804 fortuito
273 2729 457 2829 jejunium
489 2731 658 2805 naturale
690 2739 755 2805 aut
787 2733 836 2806 ob
