1854 3278
446 299 520 365 17⁷

91 501 227 573 meque
245 474 372 570 nostis,
385 502 466 549 eam
484 502 564 550 esse
583 474 698 573 hujus
716 473 836 572 ipsius

92 575 249 673 spiritus
279 602 442 675 precum,
460 575 508 648 de
534 601 609 672 quo
635 573 835 671 loquimur,

91 683 240 772 partem
274 684 312 749 et
337 676 496 748 formam
523 673 724 771 quamdam
751 672 836 771 pul-

92 773 326 866 cherrimam,
346 774 589 870 eamdemque
616 771 837 845 convenien-

91 882 171 945 tem
196 873 439 970 temporibus,
457 899 530 946 usu
555 872 717 964 facilem,
736 870 835 944 utili·

89 981 171 1044 tate
188 971 425 1045 uberrimam.

141 1070 331 1160 Quoniam
353 1097 441 1144 vcro
467 1070 636 1144 Jubilaei
692 1069 769 1143 rior
798 1077 835 1143 et

90 1169 279 1243 maximus
313 1171 469 1262 fructus,
505 1169 547 1242 id
577 1097 690 1268 quoti)
721 1195 836 1268 supra

89 1268 353 1359 indicavimus,
401 1269 612 1342 emendatio
658 1268 759 1343 vitae
798 1277 835 1342 et

90 1367 247 1441 virtutis
269 1367 430 1441 accessio
457 1394 536 1441 esse
564 1369 688 1462 debet,
716 1394 835 1442 neces·

91 1465 231 1539 sariam
265 1466 488 1540 nominatim
524 1493 717 1541 censemus
756 1471 837 1566 ejus

90 1566 225 1664 fugam
259 1565 359 1659 mali,
386 1566 489 1663 quod
517 1566 609 1664 ipsis
641 1567 837 1665 superiori·

91 1665 165 1737 bus
200 1663 338 1738 litteris
381 1665 597 1763 Encyclicis
641 1666 837 1765 designare

92 1789 170 1836 non
196 1764 523 1861 praetermisimus.
575 1765 762 1838 Intestina
787 1765 838 1838 in·

93 1860 304 1961 telligimus
322 1890 365 1936 ac
382 1890 501 1962 prope
520 1864 727 1938 domestica
752 1891 838 1938 non·

94 1962 290 2034 nullorum
316 1989 362 2037 ex
387 1963 526 2037 nostris
553 1963 719 2056 dissidia,
743 1991 839 2063 quae

95 2059 262 2134 caritatis
288 2061 492 2154 vinculum,
520 2062 586 2136 vix
612 2063 689 2136 dici
714 2072 839 2161 potest

95 2169 239 2258 quanta
276 2187 362 2234 cum
408 2161 574 2260 pernicie
620 2162 838 2255 animorum,

95 2260 253 2333 solvunt
270 2270 337 2334 aut
355 2270 455 2336 celte
481 2261 662 2337 relaxant
715 2262 840 2352 Quam

95 2384 176 2431 rem
200 2357 287 2432 ideo
313 2385 441 2433 rursus
468 2361 839 2434 commemoravimus

96 2457 170 2530 hoc
212 2458 296 2532 loco
332 2459 435 2559 apud
477 2486 555 2545 voe,
590 2459 839 2534 Venerabiles

95 2556 260 2650 Fratres
304 2558 577 2633 ecclesiasticae
614 2558 839 2656 disciplinae

96 2666 326 2754 mutuaeque
353 2657 521 2731 caritatis
548 2658 731 2751 custodes,
751 2658 840 2756 quia

96 2755 148 2830 ad
166 2755 446 2855 prohibendum
463 2765 541 2832 tam
566 2783 679 2858 grave
706 2757 839 2831 incom-
