<?xml version="1.0" encoding="UTF-8"?>
<!DOCTYPE html PUBLIC "-//W3C//DTD XHTML 1.0 Transitional//EN"
    "http://www.w3.org/TR/xhtml1/DTD/xhtml1-transitional.dtd">
<html xmlns="http://www.w3.org/1999/xhtml" xml:lang="en" lang="en">
 <head>
  <title>
</title>
<meta http-equiv="Content-Type" content="text/html;charset=utf-8" />
  <meta name='ocr-system' content='tesseract 3.04.00' />
  <meta name='ocr-capabilities' content='ocr_page ocr_carea ocr_par ocr_line ocrx_word'/>
</head>
<body>
  <div class='ocr_page' id='page_1' title='image "./sanctissimidomi00xiiigoog_0020.png"; bbox 0 0 1854 3278; ppageno 0'>
   <div class='ocr_carea' id='block_1_1' title="bbox 444 276 481 335">
    <p class='ocr_par' dir='ltr' id='par_1_1' title="bbox 444 276 481 335">
     <span class='ocr_line' id='line_1_1' title="bbox 444 276 481 335; baseline 0 0"><span class='ocrx_word' id='word_1_1' title='bbox 444 276 481 335; x_wconf 94' lang='lat'>11</span> 
     </span>
    </p>
   </div>
   <div class='ocr_carea' id='block_1_2' title="bbox 90 451 834 966">
    <p class='ocr_par' dir='ltr' id='par_1_2' title="bbox 90 451 834 951">
     <span class='ocr_line' id='line_1_2' title="bbox 92 451 833 551; baseline 0 -25"><span class='ocrx_word' id='word_1_2' title='bbox 92 452 259 551; x_wconf 82' lang='lat' dir='ltr'>aliquam</span> <span class='ocrx_word' id='word_1_3' title='bbox 294 452 434 527; x_wconf 87' lang='lat' dir='ltr'>afferat.</span> <span class='ocrx_word' id='word_1_4' title='bbox 492 452 577 526; x_wconf 90' lang='lat' dir='ltr'>Hoc</span> <span class='ocrx_word' id='word_1_5' title='bbox 607 451 764 526; x_wconf 87' lang='lat' dir='ltr'>oonsilio</span> <span class='ocrx_word' id='word_1_6' title='bbox 795 461 833 526; x_wconf 91' lang='lat' dir='ltr'>et</span> 
     </span>
     <span class='ocr_line' id='line_1_3' title="bbox 92 551 833 651; baseline -0.001 -26"><span class='ocrx_word' id='word_1_7' title='bbox 92 553 162 626; x_wconf 90' lang='lat' dir='ltr'>hac</span> <span class='ocrx_word' id='word_1_8' title='bbox 177 579 242 651; x_wconf 89' lang='lat' dir='ltr'>spe</span> <span class='ocrx_word' id='word_1_9' title='bbox 257 579 402 626; x_wconf 88' lang='lat' dir='ltr'>sacrum</span> <span class='ocrx_word' id='word_1_10' title='bbox 419 555 445 628; x_wconf 87' lang='lat' dir='ltr'>J</span> <span class='ocrx_word' id='word_1_11' title='bbox 447 552 639 628; x_wconf 89' lang='lat' dir='ltr'>ubilaeum</span> <span class='ocrx_word' id='word_1_12' title='bbox 652 551 833 624; x_wconf 83' lang='lat' dir='ltr'>indicturi</span> 
     </span>
     <span class='ocr_line' id='line_1_4' title="bbox 92 651 834 747; baseline 0 -22"><span class='ocrx_word' id='word_1_13' title='bbox 92 678 230 745; x_wconf 84' lang='lat' dir='ltr'>sumus,</span> <span class='ocrx_word' id='word_1_14' title='bbox 274 654 470 728; x_wconf 80' lang='lat' dir='ltr'>monendis</span> <span class='ocrx_word' id='word_1_15' title='bbox 518 651 834 747; x_wconf 82' lang='lat' dir='ltr'>cohortandisque</span> 
     </span>
     <span class='ocr_line' id='line_1_5' title="bbox 91 711 834 850; baseline -0.005 -25"><span class='ocrx_word' id='word_1_16' title='bbox 91 711 280 850; x_wconf 80' lang='lat' dir='ltr'>quotqdot</span> <span class='ocrx_word' id='word_1_17' title='bbox 298 778 366 825; x_wconf 89' lang='lat' dir='ltr'>sna</span> <span class='ocrx_word' id='word_1_18' title='bbox 383 764 439 827; x_wconf 90' lang='lat' dir='ltr'>est</span> <span class='ocrx_word' id='word_1_19' title='bbox 423 753 561 827; x_wconf 88' lang='lat' dir='ltr'>tcordi</span> <span class='ocrx_word' id='word_1_20' title='bbox 578 751 690 843; x_wconf 82' lang='lat' dir='ltr'>salus,</span> <span class='ocrx_word' id='word_1_21' title='bbox 703 759 746 824; x_wconf 90' lang='lat' dir='ltr'>ut</span> <span class='ocrx_word' id='word_1_22' title='bbox 764 750 834 822; x_wconf 89' lang='lat' dir='ltr'>col·</span> 
     </span>
     <span class='ocr_line' id='line_1_6' title="bbox 90 851 834 966; baseline -0.003 -42"><span class='ocrx_word' id='word_1_23' title='bbox 90 853 214 966; x_wconf 82' lang='lat' dir='ltr'>ligant</span> <span class='ocrx_word' id='word_1_24' title='bbox 242 852 453 966; x_wconf 78' lang='lat' dir='ltr'>paullisper</span> <span class='ocrx_word' id='word_1_25' title='bbox 474 879 562 944; x_wconf 85' lang='lat' dir='ltr'>sese,</span> <span class='ocrx_word' id='word_1_26' title='bbox 582 860 620 925; x_wconf 89' lang='lat' dir='ltr'>et</span> <span class='ocrx_word' id='word_1_27' title='bbox 646 851 834 923; x_wconf 85' lang='lat' dir='ltr'>demersas</span> 
     </span>
    </p>
   </div>
   <div class='ocr_carea' id='block_1_3' title="bbox 78 949 835 2830">
    <p class='ocr_par' dir='ltr' id='par_1_3' title="bbox 89 949 835 1248">
     <span class='ocr_line' id='line_1_7' title="bbox 90 949 835 1050; baseline -0.003 -26"><span class='ocrx_word' id='word_1_28' title='bbox 90 951 132 1024; x_wconf 92' lang='lat' dir='ltr'>in</span> <span class='ocrx_word' id='word_1_29' title='bbox 158 962 297 1024; x_wconf 86' lang='lat' dir='ltr'>terram</span> <span class='ocrx_word' id='word_1_30' title='bbox 328 952 574 1050; x_wconf 82' lang='lat' dir='ltr'>cogitationes</span> <span class='ocrx_word' id='word_1_31' title='bbox 601 949 650 1024; x_wconf 89' lang='lat' dir='ltr'>ad</span> <span class='ocrx_word' id='word_1_32' title='bbox 677 949 835 1023; x_wconf 81' lang='lat' dir='ltr'>meliora</span> 
     </span>
     <span class='ocr_line' id='line_1_8' title="bbox 89 1049 833 1165; baseline 0 -43"><span class='ocrx_word' id='word_1_33' title='bbox 89 1051 303 1124; x_wconf 87' lang='lat' dir='ltr'>traducant</span> <span class='ocrx_word' id='word_1_34' title='bbox 354 1051 471 1165; x_wconf 64' lang='lat' dir='ltr'>Quod</span> <span class='ocrx_word' id='word_1_35' title='bbox 497 1078 570 1125; x_wconf 93' lang='lat' dir='ltr'>non</span> <span class='ocrx_word' id='word_1_36' title='bbox 599 1049 724 1148; x_wconf 85' lang='lat' dir='ltr'>privat</span> <span class='ocrx_word' id='word_1_37' title='bbox 727 1050 758 1124; x_wconf 91' lang='lat' dir='ltr'>is</span> <span class='ocrx_word' id='word_1_38' title='bbox 776 1076 833 1123; x_wconf 88' lang='lat' dir='ltr'>so-</span> 
     </span>
     <span class='ocr_line' id='line_1_9' title="bbox 90 1149 833 1248; baseline 0 -26"><span class='ocrx_word' id='word_1_39' title='bbox 90 1150 182 1242; x_wconf 86' lang='lat' dir='ltr'>lum,</span> <span class='ocrx_word' id='word_1_40' title='bbox 200 1150 266 1223; x_wconf 90' lang='lat' dir='ltr'>sed</span> <span class='ocrx_word' id='word_1_41' title='bbox 292 1149 364 1222; x_wconf 91' lang='lat' dir='ltr'>toti</span> <span class='ocrx_word' id='word_1_42' title='bbox 388 1152 634 1223; x_wconf 84' lang='lat' dir='ltr'>futurtum</span> <span class='ocrx_word' id='word_1_43' title='bbox 578 1176 615 1224; x_wconf 88' lang='grc'>66</span> <span class='ocrx_word' id='word_1_44' title='bbox 618 1149 833 1248; x_wconf 90' lang='lat' dir='ltr'>treipubli·</span> 
     </span>
    </p>

    <p class='ocr_par' dir='ltr' id='par_1_4' title="bbox 88 1249 834 1744">
     <span class='ocr_line' id='line_1_10' title="bbox 91 1249 833 1348; baseline 0.001 -27"><span class='ocrx_word' id='word_1_45' title='bbox 91 1275 157 1322; x_wconf 88' lang='grc'>666</span> <span class='ocrx_word' id='word_1_46' title='bbox 175 1250 339 1322; x_wconf 89' lang='lat' dir='ltr'>salutare</span> <span class='ocrx_word' id='word_1_47' title='bbox 342 1259 482 1348; x_wconf 84' lang='lat' dir='ltr'>‚tprop</span> <span class='ocrx_word' id='word_1_48' title='bbox 484 1276 569 1323; x_wconf 89' lang='lat' dir='ltr'>erea</span> <span class='ocrx_word' id='word_1_49' title='bbox 587 1249 690 1346; x_wconf 92' lang='lat' dir='ltr'>quod</span> <span class='ocrx_word' id='word_1_50' title='bbox 716 1275 833 1347; x_wconf 90' lang='lat' dir='ltr'>quan-</span> 
     </span>
     <span class='ocr_line' id='line_1_11' title="bbox 88 1308 834 1463; baseline 0.003 -43"><span class='ocrx_word' id='word_1_51' title='bbox 88 1357 173 1420; x_wconf 88' lang='lat' dir='ltr'>tum</span> <span class='ocrx_word' id='word_1_52' title='bbox 207 1308 349 1446; x_wconf 84' lang='lat' dir='ltr'>singuli</span> <span class='ocrx_word' id='word_1_53' title='bbox 381 1347 654 1463; x_wconf 81' lang='lat' dir='ltr'>profecerint</span> <span class='ocrx_word' id='word_1_54' title='bbox 644 1375 683 1420; x_wconf 86' lang='lat' dir='ltr'>rn</span> <span class='ocrx_word' id='word_1_55' title='bbox 719 1348 834 1422; x_wconf 87' lang='lat' dir='ltr'>animi</span> 
     </span>
     <span class='ocr_line' id='line_1_12' title="bbox 89 1447 832 1544; baseline 0.003 -24"><span class='ocrx_word' id='word_1_56' title='bbox 89 1447 323 1544; x_wconf 74' lang='lat' dir='ltr'>perfectione</span> <span class='ocrx_word' id='word_1_57' title='bbox 342 1448 409 1541; x_wconf 87' lang='lat' dir='ltr'>sni,</span> <span class='ocrx_word' id='word_1_58' title='bbox 424 1448 647 1521; x_wconf 78' lang='lat' dir='ltr'>tantundem</span> <span class='ocrx_word' id='word_1_59' title='bbox 665 1447 832 1522; x_wconf 88' lang='lat' dir='ltr'>honesta-</span> 
     </span>
     <span class='ocr_line' id='line_1_13' title="bbox 90 1546 833 1644; baseline 0.004 -26"><span class='ocrx_word' id='word_1_60' title='bbox 90 1546 140 1619; x_wconf 88' lang='lat' dir='ltr'>tis</span> <span class='ocrx_word' id='word_1_61' title='bbox 171 1572 213 1618; x_wconf 88' lang='lat' dir='ltr'>ac</span> <span class='ocrx_word' id='word_1_62' title='bbox 231 1547 384 1620; x_wconf 80' lang='lat' dir='ltr'>virtutis</span> <span class='ocrx_word' id='word_1_63' title='bbox 411 1547 460 1620; x_wconf 86' lang='lat' dir='ltr'>ad</span> <span class='ocrx_word' id='word_1_64' title='bbox 489 1547 609 1621; x_wconf 90' lang='lat' dir='ltr'>vitam</span> <span class='ocrx_word' id='word_1_65' title='bbox 638 1573 833 1644; x_wconf 89' lang='lat' dir='ltr'>moresque</span> 
     </span>
     <span class='ocr_line' id='line_1_14' title="bbox 90 1639 460 1744; baseline 0.006 -26"><span class='ocrx_word' id='word_1_66' title='bbox 90 1645 267 1744; x_wconf 90' lang='lat' dir='ltr'>publicos</span> <span class='ocrx_word' id='word_1_67' title='bbox 298 1639 460 1721; x_wconf 80' lang='lat' dir='ltr'>accedet.</span> 
     </span>
    </p>

    <p class='ocr_par' dir='ltr' id='par_1_5' title="bbox 78 1744 833 2812">
     <span class='ocr_line' id='line_1_15' title="bbox 143 1744 832 1842; baseline 0.001 -24"><span class='ocrx_word' id='word_1_68' title='bbox 143 1745 218 1818; x_wconf 83' lang='lat' dir='ltr'>Sed</span> <span class='ocrx_word' id='word_1_69' title='bbox 244 1754 415 1842; x_wconf 90' lang='lat' dir='ltr'>optatum</span> <span class='ocrx_word' id='word_1_70' title='bbox 442 1745 496 1820; x_wconf 89' lang='lat' dir='ltr'>rei</span> <span class='ocrx_word' id='word_1_71' title='bbox 523 1744 665 1819; x_wconf 87' lang='lat' dir='ltr'>exitum</span> <span class='ocrx_word' id='word_1_72' title='bbox 684 1745 801 1820; x_wconf 87' lang='lat' dir='ltr'>videt</span> <span class='ocrx_word' id='word_1_73' title='bbox 773 1753 832 1839; x_wconf 87' lang='lat' dir='ltr'>trs,</span> 
     </span>
     <span class='ocr_line' id='line_1_16' title="bbox 91 1805 833 1944; baseline 0.003 -27"><span class='ocrx_word' id='word_1_74' title='bbox 91 1841 299 1918; x_wconf 88' lang='lat' dir='ltr'>Venerabil</span> <span class='ocrx_word' id='word_1_75' title='bbox 286 1845 340 1918; x_wconf 84' lang='lat' dir='ltr'>les</span> <span class='ocrx_word' id='word_1_76' title='bbox 375 1845 582 1939; x_wconf 46' lang='lat' dir='ltr'>Fratresst</span> <span class='ocrx_word' id='word_1_77' title='bbox 572 1871 611 1918; x_wconf 96' lang='lat' dir='ltr'>1n</span> <span class='ocrx_word' id='word_1_78' title='bbox 647 1871 761 1944; x_wconf 89' lang='lat' dir='ltr'>opera</span> <span class='ocrx_word' id='word_1_79' title='bbox 795 1805 833 1919; x_wconf 87' lang='grc'>61</span> 
     </span>
     <span class='ocr_line' id='line_1_17' title="bbox 90 1941 833 2057; baseline 0.003 -43"><span class='ocrx_word' id='word_1_80' title='bbox 90 1941 293 2057; x_wconf 80' lang='lat' dir='ltr'>diligentia</span> <span class='ocrx_word' id='word_1_81' title='bbox 319 1954 446 2018; x_wconf 87' lang='lat' dir='ltr'>vestra</span> <span class='ocrx_word' id='word_1_82' title='bbox 480 1971 651 2043; x_wconf 85' lang='lat' dir='ltr'>magnam</span> <span class='ocrx_word' id='word_1_83' title='bbox 686 1954 833 2042; x_wconf 85' lang='lat' dir='ltr'>partem</span> 
     </span>
     <span class='ocr_line' id='line_1_18' title="bbox 78 2042 833 2158; baseline 0.001 -43"><span class='ocrx_word' id='word_1_84' title='bbox 78 2056 171 2116; x_wconf 83' lang='lat' dir='ltr'>&#39;esse</span> <span class='ocrx_word' id='word_1_85' title='bbox 188 2042 289 2139; x_wconf 84' lang='lat' dir='ltr'>posit</span> <span class='ocrx_word' id='word_1_86' title='bbox 291 2069 364 2136; x_wconf 87' lang='grc'><strong>11111,</strong></span> <span class='ocrx_word' id='word_1_87' title='bbox 383 2070 469 2117; x_wconf 88' lang='lat' dir='ltr'>cum</span> <span class='ocrx_word' id='word_1_88' title='bbox 487 2053 574 2142; x_wconf 90' lang='lat' dir='ltr'>apte</span> <span class='ocrx_word' id='word_1_89' title='bbox 593 2044 833 2158; x_wconf 82' lang='lat' dir='ltr'>studioseque</span> 
     </span>
     <span class='ocr_line' id='line_1_19' title="bbox 89 2142 833 2255; baseline 0.004 -42"><span class='ocrx_word' id='word_1_90' title='bbox 89 2143 276 2239; x_wconf 90' lang='lat' dir='ltr'>populum</span> <span class='ocrx_word' id='word_1_91' title='bbox 303 2168 526 2255; x_wconf 88' lang='lat' dir='ltr'>praeparare</span> <span class='ocrx_word' id='word_1_92' title='bbox 550 2168 698 2217; x_wconf 90' lang='lat' dir='ltr'>necesse</span> <span class='ocrx_word' id='word_1_93' title='bbox 716 2143 766 2217; x_wconf 89' lang='lat' dir='ltr'>sit</span> <span class='ocrx_word' id='word_1_94' title='bbox 750 2142 833 2217; x_wconf 86' lang='lat' dir='ltr'>tad</span> 
     </span>
     <span class='ocr_line' id='line_1_20' title="bbox 90 2240 833 2340; baseline 0.004 -27"><span class='ocrx_word' id='word_1_95' title='bbox 90 2241 247 2333; x_wconf 80' lang='lat' dir='ltr'>fructus,</span> <span class='ocrx_word' id='word_1_96' title='bbox 283 2240 350 2339; x_wconf 92' lang='lat' dir='ltr'>qui</span> <span class='ocrx_word' id='word_1_97' title='bbox 394 2241 579 2340; x_wconf 89' lang='lat' dir='ltr'>propositi</span> <span class='ocrx_word' id='word_1_98' title='bbox 625 2251 722 2335; x_wconf 83' lang='lat' dir='ltr'>sunt,</span> <span class='ocrx_word' id='word_1_99' title='bbox 761 2241 833 2316; x_wconf 86' lang='lat' dir='ltr'>rite</span> 
     </span>
     <span class='ocr_line' id='line_1_21' title="bbox 89 2301 833 2454; baseline 0.004 -42"><span class='ocrx_word' id='word_1_100' title='bbox 89 2340 363 2454; x_wconf 81' lang='lat' dir='ltr'>percipiendos.</span> <span class='ocrx_word' id='word_1_101' title='bbox 414 2338 500 2414; x_wconf 85' lang='lat' dir='ltr'>Erit</span> <span class='ocrx_word' id='word_1_102' title='bbox 526 2341 644 2440; x_wconf 84' lang='lat' dir='ltr'>igitur</span> <span class='ocrx_word' id='word_1_103' title='bbox 665 2301 833 2415; x_wconf 75' lang='grc'><strong>6111116116</strong></span> 
     </span>
     <span class='ocr_line' id='line_1_22' title="bbox 89 2438 833 2553; baseline 0.003 -43"><span class='ocrx_word' id='word_1_104' title='bbox 89 2438 372 2553; x_wconf 82' lang='lat' dir='ltr'>sapientiaeque</span> <span class='ocrx_word' id='word_1_105' title='bbox 398 2449 553 2533; x_wconf 84' lang='lat' dir='ltr'>vestrae,</span> <span class='ocrx_word' id='word_1_106' title='bbox 580 2439 689 2513; x_wconf 89' lang='lat' dir='ltr'>lectis</span> <span class='ocrx_word' id='word_1_107' title='bbox 720 2466 833 2513; x_wconf 89' lang='lat' dir='ltr'>sacer</span> 
     </span>
     <span class='ocr_line' id='line_1_23' title="bbox 89 2534 833 2639; baseline 0.004 -29"><span class='ocrx_word' id='word_1_108' title='bbox 89 2537 256 2628; x_wconf 87' lang='lat' dir='ltr'>dotibus,</span> <span class='ocrx_word' id='word_1_109' title='bbox 282 2537 323 2611; x_wconf 90' lang='lat' dir='ltr'>id</span> <span class='ocrx_word' id='word_1_110' title='bbox 348 2539 540 2636; x_wconf 84' lang='lat' dir='ltr'>negotium</span> <span class='ocrx_word' id='word_1_111' title='bbox 557 2534 664 2632; x_wconf 82' lang='lat' dir='ltr'>dare,</span> <span class='ocrx_word' id='word_1_112' title='bbox 690 2549 734 2613; x_wconf 92' lang='lat' dir='ltr'>ut</span> <span class='ocrx_word' id='word_1_113' title='bbox 760 2539 833 2639; x_wconf 83' lang='lat' dir='ltr'>piis</span> 
     </span>
     <span class='ocr_line' id='line_1_24' title="bbox 89 2597 832 2736; baseline 0.004 -27"><span class='ocrx_word' id='word_1_114' title='bbox 89 2597 333 2710; x_wconf 86' lang='lat' dir='ltr'>concionibus</span> <span class='ocrx_word' id='word_1_115' title='bbox 364 2638 414 2711; x_wconf 86' lang='lat' dir='ltr'>ad</span> <span class='ocrx_word' id='word_1_116' title='bbox 447 2637 554 2736; x_wconf 84' lang='lat' dir='ltr'>vulgi</span> <span class='ocrx_word' id='word_1_117' title='bbox 589 2647 742 2736; x_wconf 89' lang='lat' dir='ltr'>captum</span> <span class='ocrx_word' id='word_1_118' title='bbox 778 2666 832 2712; x_wconf 87' lang='lat' dir='ltr'>ac·</span> 
     </span>
     <span class='ocr_line' id='line_1_25' title="bbox 89 2736 832 2830; baseline 0 -19"><span class='ocrx_word' id='word_1_119' title='bbox 89 2736 336 2811; x_wconf 83' lang='lat' dir='ltr'>commodatis</span> <span class='ocrx_word' id='word_1_120' title='bbox 355 2737 637 2811; x_wconf 90' lang='lat' dir='ltr'>multitudinem</span> <span class='ocrx_word' id='word_1_121' title='bbox 650 2738 832 2830; x_wconf 82' lang='lat' dir='ltr'>erudiant,</span> 
     </span>
    </p>
   </div>
   <div class='ocr_carea' id='block_1_4' title="bbox 0 0 932 3278">
    <p class='ocr_par' dir='ltr' id='par_1_6' title="bbox 0 0 932 3278">
     <span class='ocr_line' id='line_1_26' title="bbox 0 0 932 3278; baseline 0 0"><span class='ocrx_word' id='word_1_122' title='bbox 0 0 932 3278; x_wconf 95' lang='lat' dir='ltr'> </span> 
     </span>
    </p>
   </div>
  </div>
 </body>
</html>
