1854 3278
38 39 57 203 Ι
140 167 143 172 ,

37 210 45 475 Ι

442 269 480 327 55

97 461 170 547 (li)
204 457 428 535 omasum:
466 465 538 533 “m
563 483 659 533 nono
692 484 834 534 consm-

260 600 401 648 nnuma
426 576 659 649 nunrnxnr.'’
758 672 760 677 .

141 771 335 873 Significat
378 773 599 848 absolvendi
637 773 833 847 facultates

91 913 159 984 pro
177 889 258 962 solo
275 889 355 962 foro
372 889 520 963 interno
538 889 670 962 valere.
706 889 832 978 Quare

92 1002 227 1098 quivi
257 1004 282 1079 J
284 1004 424 1078 ubilaei
459 1004 678 1091 absolvitur,
708 1031 831 1078 eoram

91 1119 273 1207 soloDeO,
288 1146 361 1192 non
376 1147 463 1193 vero
482 1120 551 1196 hoe
568 1121 649 1218 ipso
666 1146 734 1218 pro
752 1122 831 1194 foro

91 1240 246 1309 externo
264 1236 462 1310 absolutus
479 1236 646 1310 habetur.
697 1236 831 1326 Quam-

91 1353 219 1426 obrem
238 1353 461 1427 Ordinarius
475 1353 629 1427 subdito
654 1354 719 1449 qui
746 1380 784 1427 se
809 1383 831 1427 a

90 1495 177 1542 casu
208 1469 409 1568 episcopali
429 1470 578 1568 publico
605 1470 642 1542 vi
663 1471 688 1544 J
690 1470 831 1566 ubilaei

90 1585 308 1660 absolutum
336 1587 475 1680 asserit,
493 1586 597 1661 haud
628 1588 830 1660 necessario

90 1696 237 1771 credere
262 1706 419 1772 tenetur.
482 1699 595 1773 Dixi:
630 1712 646 1738 ‘¹
660 1698 699 1770 vi
726 1698 829 1772 Jubi-

89 1813 189 1888 laei.''
240 1814 339 1887 Nam
357 1813 459 1909 quod
476 1840 581 1887 casus
601 1813 756 1912 populea
781 1823 831 1888 at·

89 1930 194 2016 tinet,
227 1929 296 2002 hac
330 1930 356 2003 J
358 1930 498 2003 ubilaei
532 1931 713 2004 facultate
757 1957 830 2004 non

89 2055 209 2145 egent,
226 2045 440 2119 confessarii
455 2047 593 2141 quibus
611 2047 659 2120 ab
678 2047 831 2144 Episco-

88 2162 145 2259 pis
171 2160 463 2235 Foederatorum
498 2161 683 2256 statuum,
716 2162 754 2235 vi
779 2164 830 2235 fa·

88 2278 272 2352 oultatum
298 2304 391 2374 quas
409 2306 431 2350 a
448 2277 484 2352 S.
503 2277 598 2351 Sede
627 2278 673 2351 ad
702 2278 830 2351 decen-

88 2395 192 2467 nium
228 2401 294 2466 aut
329 2393 626 2490 quinquennium
655 2393 830 2466 obtinent

87 2520 123 2582 et
143 2535 240 2606 quae
256 2534 303 2582 ne
320 2507 360 2582 in
375 2508 576 2582 Ordinario
596 2508 747 2604 quidem
764 2510 828 2583 Ju-

87 2623 209 2698 bilaeo
237 2624 527 2722 suspenduntur,
544 2632 710 2722 potestas
727 2625 828 2698 faeta

87 2752 143 2818 est
179 2743 243 2843 (ut
277 2743 357 2818 fieri
397 2742 513 2842 solet)
550 2740 773 2816 absolvendi
807 2768 829 2816 a
