1854 3278
442 249 480 308 10

25 437 27 440 ⁴
92 433 242 522 patrum
261 424 473 499 nostrorum
492 424 652 500 virtutes
670 453 837 505 cessere:

92 525 328 622 cupiditates,
344 552 440 622 quae
458 552 526 624 per
543 545 582 599 se
597 526 673 599 vim
691 527 837 602 habent

91 623 300 717 maximam,
328 628 507 722 majorem
536 625 691 699 lieentia
726 653 836 725 quae·

91 724 279 798 siverunt:
305 724 522 822 opinionum
541 725 697 815 insania,
715 726 836 800 nullis

91 832 157 896 aut
187 849 320 920 parurn
339 824 440 921 aptis
468 851 680 923 compressa
705 826 835 919 frenis,

90 933 217 996 manat
246 924 416 1022 quotidie
445 925 618 1024 longius:
645 952 691 1000 ex
717 924 766 1000 iis
784 925 835 1024 ip

90 1023 150 1116 sis,
170 1024 235 1121 qui
264 1035 363 1099 reete
382 1025 555 1116 sentiant,
574 1027 702 1123 plures
733 1051 836 1124 prae·

89 1133 240 1221 postero
275 1126 436 1222 quodam
473 1126 617 1224 pudore
661 1124 835 1200 deterriti

89 1249 164 1295 non
183 1225 323 1297 audent
341 1225 381 1297 id
404 1226 506 1322 quod
526 1225 694 1299 sentiunt
712 1225 835 1300 libere

89 1325 266 1421 profiteri,
303 1326 499 1423 multoque
543 1325 667 1398 minus
709 1323 836 1423 reipsa

89 1425 289 1521 perficere:
317 1424 603 1497 deterrimorum
630 1424 688 1496 vis
714 1449 834 1497 exem·

88 1523 239 1636 plorum
256 1523 295 1596 in
314 1550 435 1597 mores
461 1525 663 1623 populares
692 1523 835 1621 passim

88 1623 234 1698 influit:
277 1624 475 1697 societates
518 1623 712 1696 hominum
756 1648 835 1696 non

88 1721 276 1823 honestae,
296 1750 392 1822 quae
410 1750 432 1795 a
459 1721 494 1794 N
497 1720 752 1819 obismetipsis
770 1721 834 1794 ali-

89 1849 128 1895 as
172 1824 387 1922 designatae
429 1833 526 1915 sunt,
560 1821 834 1920 flagitiosamm

89 1923 227 1997 artium
250 1921 526 2013 scientissimae,
545 1921 689 2018 populo
715 1921 833 2018 impo-

88 2049 185 2114 nere,
206 2033 242 2096 et
265 2030 451 2119 quotquot
468 2030 636 2118 possunt,
656 2047 678 2092 a
697 2019 789 2112 Deo,
812 2047 835 2095 a

88 2123 287 2196 sanctitate
313 2120 525 2209 officiorum,
553 2147 575 2193 a
601 2120 675 2193 fide
707 2119 834 2193 Chris-

87 2221 191 2294 tiana
218 2221 435 2295 abstrahere
466 2229 580 2317 atque
615 2218 833 2294 abalienare

88 2321 330 2393 contendunt.

137 2421 212 2493 Tot
246 2419 365 2518 igitur
406 2417 666 2516 prementibus
708 2417 831 2512 malie,

88 2545 184 2616 quae
198 2520 258 2591 vel
277 2519 359 2617 ipsa
377 2518 605 2591 diuturnitas
619 2520 762 2615 majora
779 2517 832 2591 fa·

88 2618 149 2710 eit,
170 2620 297 2692 nullus
316 2627 371 2691 est
393 2618 514 2690 Nobis
532 2615 831 2715 praetermitten-

52 2797 56 2808 ,
87 2718 158 2792 dus
187 2719 301 2811 loeus,
329 2716 394 2815 qui
422 2743 526 2816 spem
553 2715 831 2792 sublevationis
