1854 3278
445 257 483 317 21

93 435 159 536 qui
186 461 313 510 curam
340 436 548 510 animarum
576 444 750 510 exercent
777 435 834 509 dc-

90 536 285 636 signanda,
322 535 386 628 tte,
418 538 489 630 vel,
522 538 599 609 duo
626 544 773 609 tantum
803 535 834 608 si

89 637 236 736 templa
269 634 420 728 fuerint,
451 646 512 729 ter,
541 635 613 728 vel,
642 634 674 708 si
708 660 834 727 unum,

89 740 215 830 ceruice,
259 735 362 810 dicto
402 735 581 834 temporis
632 733 835 808 intervallo

88 836 230 910 adeant
249 838 337 939 (7);
355 836 446 909 item
472 835 548 908 alia
569 860 682 931 opera
700 833 834 936 omnia,

89 960 189 1033 quae
207 963 251 1011 su
279 943 626 1011 recommemorata
643 944 739 1026 sunt,
755 960 836 1032 per-

89 1045 207 1133 agant
245 965 322 1138 dd).
392 1040 515 1127 Quam
560 1034 836 1133 indulgentiam

92 1132 162 1232 (9)
190 1136 302 1210 etiarn
328 1136 532 1229 animabu5‚
560 1161 657 1234 quae
685 1134 793 1207 Deol
795 1135 835 1208 in

90 1233 248 1310 caritate
266 1240 487 1336 conjunctae
506 1262 551 1310 ex
568 1236 639 1309 hac
665 1234 745 1308 vita
771 1235 836 1308 mi-

91 1335 292 1434 graverint,
310 1362 379 1435 per
400 1337 553 1410 modum
578 1334 749 1434 suffragii
776 1362 834 1434 ap·

91 1433 227 1533 plicari
241 1462 349 1535 posse
361 1437 544 1511 volumus,
597 1434 718 1510 Vobis
732 1461 835 1532 prae-

92 1543 197 1607 terea
231 1543 457 1634 potestatem
500 1535 668 1628 facimus,
700 1543 743 1608 ut
771 1535 835 1608 (la-

91 1633 228 1732 pitulis
271 1643 309 1708 et
352 1635 715 1735 Congregaticnibus
756 1642 835 1707 tam

93 1733 342 1807 saecularium
372 1761 485 1833 quam
511 1734 750 1849 regularium,
780 1760 835 1808 so·

94 1831 327 1927 dalitatibus,
347 1833 728 1928 confratermtatibus,
755 1833 835 1907 uni·

92 1932 348 2025 versitatibuS,
383 1933 552 2032 collegiis
595 1934 835 2031 quibuscum-

94 2057 169 2130 que
201 2040 424 2107 memoratus
458 2033 648 2106 Ecclesiae
690 2059 835 2132 proces·

93 2131 555 2226 sionclitervisitantibus²
584 2132 732 2207 easdem
750 2133 833 2206 visi·

92 2230 257 2304 tationes
275 2232 323 2304 ad
348 2232 528 2306 minorem
545 2258 741 2306 numerum
767 2259 836 2330 pro

93 2339 221 2404 vestro
255 2331 433 2429 prudenti
466 2331 623 2405 arbitrio
657 2333 835 2406 reducere

93 2429 247 2528 possitis
268 2429 375 2602 310).

145 2530 268 2602 (lonce
298 2530 393 2604 imus
421 2556 510 2604 vero
537 2540 581 2606 ut
615 2530 835 2631 navigantes

94 2638 133 2703 et
159 2628 233 2702 iter
258 2638 418 2729 agenteS,
437 2630 504 2704 ubi
523 2630 571 2704 ad
597 2657 665 2704 sua
686 2631 834 2705 domici-

93 2724 148 2803 lia
175 2729 237 2802 vel
267 2729 342 2803 alio
377 2729 425 2803 ad
460 2739 600 2804 certam
634 2730 835 2806 stationem
