1854 3278
445 265 483 325 13

91 444 129 518 lt
113 453 228 542 taque
246 442 373 556 lapsos
391 453 457 517 aut
474 442 661 542 proclives
680 442 728 516 ad
746 444 834 517 mol·

90 543 217 616 litiam
235 543 377 616 animos
397 553 688 616 consentaneum
706 551 762 616 est
786 542 835 616 ad

89 651 303 741 temperant
304 642 379 715 iam
421 668 619 716 revocar:e
668 650 782 740 propt
785 668 835 714 er·

88 767 219 838 eaque,
261 740 328 839 qui
375 741 424 814 ad
466 742 652 839 populum
695 740 835 813 dicturi

88 849 190 928 sunt,
226 840 388 939 diligent
391 867 431 914 er
470 849 508 914 et
543 841 737 914 enucleate
774 840 835 912 do·

89 949 201 1013 ceant
202 940 333 1037 ‚quod
360 966 435 1053 non
462 939 575 1012 modo
602 939 835 1053 Evangelioa

88 1039 215 1152 legen
222 1039 369 1113 sedet
331 1039 446 1113 etiam
490 1038 656 1112 naturali
691 1038 835 1112 ratione

90 1138 277 1236 praecipit
279 1164 325 1211 ιιι
325 1138 535 1236 ,imperare
554 1136 716 1211 sibimet
691 1149 780 1235 1ps1
799 1146 836 1211 e

91 1237 214 1310 domit
199 1246 255 1310 tas
282 1238 419 1311 habere
446 1237 684 1335 cupiditates,
708 1264 835 1351 unum-

91 1362 297 1450 quemque
325 1346 521 1434 oportere.
564 1363 632 1410 neo
680 1335 835 1436 expiari,

92 1435 167 1508 nisi
189 1445 318 1533 poemt
291 1435 417 1509 tendo
419 1463 555 1534 ,posse
581 1436 732 1511 delicta.
785 1435 836 1510 Et

92 1534 192 1627 huic,
219 1535 266 1608 de
293 1562 368 1632 qua
393 1496 593 1633 ldquimur,
620 1535 765 1628 virtuti,
793 1546 836 1608 ιιι

92 1593 274 1707 diuturna
317 1644 543 1732 permaneat,
587 1662 663 1708 non
707 1635 836 1732 inepte

92 1735 309 1806 consultum
342 1734 468 1827 fuerit,
497 1734 529 1807 si
564 1734 618 1807 rei
647 1734 837 1807 stabiliter

93 1832 292 1906 institutae
349 1833 456 1930 quasi
503 1833 543 1906 in
585 1834 698 1907 fidem
740 1843 837 1907 tute-

93 1932 246 2028 lamque
282 1933 462 2006 tradatur.
530 1932 617 2023 Quo
652 1932 692 2005 id
723 1933 834 2030 perti-

93 2039 192 2121 neat,
227 2030 348 2123 faoile,
384 2031 632 2105 Venerabiles
675 2031 835 2125 Fratres,

93 2129 335 2227 intelligitis:
362 2131 455 2202 illue
481 2130 636 2220 seilicet,
663 2140 707 2205 ut
733 2132 835 2206 soda-

93 2228 191 2301 lium
224 2228 519 2302 Franeisoalium
553 2229 724 2303 ordinem
753 2230 837 2305 Ter·

93 2327 202 2418 tium,
229 2354 341 2424 quem
368 2327 594 2442 rependerem
630 2330 835 2424 nominant,

94 2425 135 2499 in
152 2385 326 2500 Dioecesi
351 2427 510 2525 quisque
533 2437 658 2542 vestra
684 2431 780 2502 tueri
800 2439 837 2504 θι

95 2524 323 2622 amplificare
368 2537 581 2624 perseveret
583 2527 624 2602 is
693 2528 837 2602 Profeo

93 2634 137 2699 to
164 2623 213 2696 ad
248 2626 546 2699 conservandum
584 2626 838 2726 alendumque

94 2723 227 2824 poenit
229 2734 292 2799 ent
294 2725 351 2799 iae
369 2725 409 2799 in
432 2725 570 2800 Christ
543 2735 647 2800 tiana
671 2729 836 2802 multitu-
