1854 3278
390 215 473 316 Ι49

138 428 172 499 (t.
203 420 362 518 Quaeres
378 448 469 496 num
486 422 721 498 ecclesiarum
746 423 828 495 visi-

87 538 184 612 tatio
202 540 424 613 commutari
452 540 573 612 valeat
599 540 725 612 favore
751 539 828 612 reii-

88 664 277 763 giosarum
294 688 369 736 non
393 661 600 736 viventium
626 664 666 736 in
692 662 830 756 stricta,

88 779 110 854 i.
130 804 157 853 e.
185 778 322 877 papali,
349 778 546 853 clausura?
596 778 707 876 Reae.
735 780 831 853 Cum

89 893 215 970 Nono.
242 893 334 969 Ideo.
359 893 482 969 ΤΙιέοί.
510 895 568 993 (Τ.
596 895 644 969 xi.
671 920 707 993 p.
738 894 829 993 221)

89 1011 344 1084 existimamus
386 1035 494 1108 posse
538 1012 662 1084 favore
705 1035 831 1084 earum

89 1149 186 1224 quae
203 1125 242 1198 vi
260 1125 439 1225 Regulae,
458 1135 524 1200 aut
543 1128 613 1200 sub
632 1124 832 1224 episcopali

89 1265 244 1314 censura
256 1239 315 1312 vel
333 1249 541 1339 praecepto,
558 1240 606 1313 ad
624 1241 832 1314 clausuram

88 1357 144 1429 ita
160 1365 343 1448 tenentur,
356 1365 400 1430 ut
417 1383 492 1430 non
513 1357 586 1430 nisi
604 1356 833 1456 exceptione·

89 1471 176 1545 liter
193 1471 287 1545 acin
311 1473 458 1545 casibus
482 1481 631 1546 tantum
649 1499 671 1544 a
688 1470 834 1571 Regula

91 1598 157 1661 aut
201 1587 388 1686 Episcopo
431 1587 688 1662 determinatis
734 1589 834 1660 exire

90 1703 182 1802 ipsis
199 1703 332 1779 liceat:
358 1730 431 1777 non
458 1729 547 1777 vero
574 1729 681 1800 posse
706 1703 834 1776 farore

91 1844 218 1892 earum
232 1846 337 1916 quae,
348 1820 521 1916 quamvis
533 1820 675 1916 absque
685 1819 836 1892 licentia

91 1934 353 2033 superiorissae
371 1938 471 2009 exire
498 1943 679 2026 vetantur,
697 1936 836 2008 clausu-

90 2077 154 2126 rae
188 2059 314 2125 tamen
345 2077 391 2125 ne
420 2052 457 2123 vi
487 2050 639 2147 quidem
666 2052 836 2150 Regulae

92 2166 284 2265 subjectae
319 2175 416 2252 sunt,
453 2167 584 2264 quales
619 2193 650 2240 v.
680 2195 713 2266 g.
750 2175 837 2240 sunt

91 2284 180 2358 iliae
209 2309 306 2382 quae
329 2283 466 2356 Missae
491 2283 530 2354 in
557 2282 709 2356 ecclesia
733 2308 839 2379 paro-

69 2474 74 2482 ,
93 2399 205 2474 chiali
224 2400 411 2487 assistunt,
435 2398 590 2471 infirmis
607 2399 646 2470 in
664 2398 839 2471 domibus

93 2515 252 2615 privatis
295 2515 511 2608 inserviunt,
546 2523 611 2588 etc.
671 2514 730 2586 De
764 2513 839 2586 illis

95 2633 193 2707 enim
212 2632 310 2726 solis,
321 2658 395 2705 non
414 2632 462 2704 de
475 2631 533 2703 his
545 2628 714 2703 veredici
732 2653 839 2727 posse

95 2748 247 2822 videtur
257 2746 360 2845 quod
376 2745 630 2846 impediantur
641 2745 840 2843 quominus

95 2864 268 2942 ecclesias
286 2862 499 2964 designatas
518 2862 680 2937 visitent.
