1854 3278
445 236 483 296 52

92 397 184 473 mihi
219 399 369 498 quidem
411 401 588 474 videntur
622 400 712 474 illae
746 426 842 500 quae

92 524 182 588 vota
209 523 356 589 tantum
385 517 567 614 simplicia
596 517 787 607 emittunt,
804 518 842 591 in

91 630 167 704 illis
185 630 415 709 dioecesibus
433 635 500 708 ubi
531 633 757 708 Ordinarius
784 634 843 707 ha·

91 773 174 821 rum
203 748 315 821 etiam
341 750 616 840 confessionem,
636 749 749 846 idque
777 749 844 824 aab

82 888 207 961 poena
237 864 425 940 eoloratis·
457 865 707 956 absolutionis,
747 865 842 939 exci-

91 1007 178 1080 pere
196 990 311 1075 vetat,
330 982 401 1055 nisi
418 983 566 1079 speciali
599 981 647 1055 ad
666 980 705 1055 id
738 981 842 1080 juris

91 1097 254 1171 dictione
282 1100 445 1173 obtenta.
509 1097 620 1173 Mene
655 1099 755 1170 enim
787 1108 842 1171 est

91 1213 126 1287 S.
161 1213 277 1309 Sedis,
312 1223 357 1288 ut
395 1215 507 1288 etiam
541 1241 627 1313 erga
663 1215 841 1287 moniales

91 1356 164 1404 non
184 1330 311 1404 stricte
330 1330 449 1405 dictas
466 1332 515 1405 ab
543 1331 745 1429 Episcopis
776 1356 839 1404 ser·

91 1456 228 1519 ventur
246 1472 299 1538 ea,
319 1472 417 1544 quae
443 1449 527 1544 jure
554 1448 744 1520 communi
773 1471 838 1544 pro

91 1563 218 1636 stricte
246 1561 359 1636 dictis
386 1562 455 1635 hae
485 1564 525 1635 in
552 1588 592 1636 re
621 1570 839 1635 statuuntur

93 1678 213 1777 (Vide
240 1703 362 1751 meam
396 1678 588 1771 Moralem,
619 1677 708 1752 edit.
741 1685 836 1769 4211.

93 1800 198 1888 1399,
229 1820 262 1890 q.
294 1798 360 1889 2⁰).
417 1792 458 1867 Si
476 1795 561 1890 quis
588 1794 705 1892 igitur
736 1793 837 1867 Ordi-

91 1911 217 1983 narius
235 1936 309 1982 non
337 1909 463 1983 stricte
491 1909 611 1983 dictas
640 1907 775 1983 hocin
801 1934 837 1982 re

91 2027 216 2100 stricte
245 2026 356 2099 dictis
386 2025 514 2099 feeerit
541 2050 657 2122 pares,
679 2024 758 2098 illis
780 2027 839 2122 jus

90 2166 282 2216 commune
317 2142 523 2239 applicasse
558 2139 740 2214 dicendus
776 2148 840 2231 est,

90 2268 127 2331 et
161 2257 291 2330 eodem
334 2257 421 2331 illae
458 2261 542 2356 jure
576 2257 767 2330 communi
801 2280 841 2330 ao

90 2374 214 2447 stricte
232 2374 353 2448 diotae
374 2375 412 2447 in
443 2373 620 2448 Jubilaeo
646 2383 841 2471 reguntur.

90 2489 216 2581 Quare
235 2515 356 2587 neque
375 2490 443 2562 hae
462 2515 583 2588 neque
601 2489 690 2562 illae
721 2487 842 2563 alium

88 2606 171 2699 sibi,
208 2607 245 2678 vi
281 2607 305 2680 J
309 2605 459 2698 ubilaei,
490 2605 624 2704 eligere
658 2611 844 2704 poterunt

88 2722 356 2796 confessarium
375 2747 488 2818 quam
507 2730 593 2797 actu
620 2745 690 2821 pro
719 2719 843 2797 Moni

88 2837 211 2913 alibus
229 2839 487 2938 approbatum
