1854 3278
448 251 488 309 46

92 414 282 510 quiverint
293 411 339 511 ”>,
358 419 394 486 et
412 439 485 485 non
505 414 551 486 iis
571 411 711 509 quibua
729 437 848 510 opera

92 536 158 602 aut
176 554 271 627 opus
290 528 517 626 simpliciter,
537 554 602 601 seu
623 554 699 601 non
719 554 847 601 exces-

93 644 180 730 sive
199 643 349 717 difficile
368 653 432 717 est.
488 641 549 718 Sic
565 643 753 741 jejunium
779 669 846 740 pu-

94 784 165 845 ero,
183 786 257 832 non
284 759 375 832 item
401 759 623 854 cuicumque
641 784 846 858 sexagena·

93 875 159 961 rio,
177 875 364 949 excessive
382 874 531 948 difficile
550 874 625 947 dici
643 883 777 973 potest.

141 998 172 1065 2.
201 991 326 1088 Opera
359 991 588 1089 praescripta
621 991 846 1065 commutari

90 1115 282 1204 nequeunt
309 1106 349 1179 in
374 1132 487 1204 opera
514 1095 588 1181 alio
606 1132 845 1204 quocumque

89 1223 203 1295 titulo
239 1221 391 1316 debita·
407 1231 502 1320 puta
536 1222 768 1320 eleemosyna
804 1225 845 1297 in

89 1337 363 1411 restitutionem
381 1363 495 1434 quam
513 1337 598 1433 quis
616 1363 747 1411 causae
757 1338 845 1434 piae

90 1452 253 1526 deberet.

141 1575 172 1642 3.
201 1567 454 1641 Commutatio
470 1567 550 1639 fieri
569 1566 683 1640 debet
693 1567 732 1640 in
745 1595 844 1667 opus

90 1683 281 1756 moraliter
299 1681 432 1755 saltem
451 1682 614 1779 aequale.

140 1805 171 1874 4.
199 1798 304 1873 Inter
338 1792 450 1895 opera
484 1824 579 1894 quae
620 1801 844 1873 commutari

89 1922 287 2013 nequeant,
305 1913 530 1987 recensenda
547 1922 654 1987 sunt:

138 2056 171 2105 a.
199 2029 392 2104 Confessio
430 2029 539 2128 (Ben.
569 2029 642 2103 xiv,
679 2054 706 2102 c.
735 2029 844 2105 [aar

83 2148 310 2246 praetoremn,
331 2145 353 2242 ἓ
373 2144 450 2243 53).

139 2261 168 2336 b.
196 2261 232 2335 S.
252 2259 474 2334 Communio
504 2259 613 2358 (Ben.
640 2259 729 2352 xiv„
756 2259 842 2361 id),

88 2377 159 2451 nisi
174 2384 308 2476 agatur
326 2374 373 2448 de
390 2374 565 2448 fidelibus
591 2373 843 2449 habitualiter

88 2493 252 2586 infirmia,
272 2491 461 2584 chronioia
476 2491 525 2563 ob
543 2489 741 2588 physicum
758 2516 843 2589 per-

88 2636 240 2684 manens
275 2608 429 2706 aliquod
473 2606 784 2704 impedimentum
820 2637 842 2684 e

89 2726 202 2801 domo
236 2724 363 2826 egredi
389 2723 669 2823 impotentibua,
699 2732 736 2798 et
762 2750 843 2800 non
