1854 3278
482 325 521 385 32

127 483 208 556 let
165 483 316 580 t‚1psius
328 482 580 582 religiosilnst
566 482 656 558 titut
658 483 877 557 icommodo

127 599 356 672 destinatum
390 609 455 673 est.
430 599 635 672 tNemo
666 599 767 673 enim
792 627 878 673 oon-

126 715 257 789 tendet
302 715 378 788 tale
358 724 499 788 etora
501 717 630 808 orium,
668 743 743 789 non
788 717 877 791 dieo

126 832 290 930 physice,
322 831 435 904 sed
425 858 464 904 m
505 833 636 905 morali
679 833 877 907 hominum

126 947 385 1022 aestimatione
398 957 543 1045 partem
558 949 730 1022 ecelesiae
744 950 877 1022 forma·

126 1062 213 1137 liter
230 1073 403 1161 sumptae
423 1064 496 1136 diui
516 1064 647 1138 valere.
686 1137 693 1154 „

176 1179 359 1252 Moniales
398 1188 524 1253 tamen
565 1181 604 1251 in
641 1181 769 1277 papali
808 1208 876 1254 seu

126 1295 255 1368 stricta
279 1295 453 1368 clausura
474 1294 643 1368 viventes
676 1295 816 1390 quibus
854 1325 877 1369 a

125 1411 346 1484 confessario
374 1411 612 1485 eeclesiarum
636 1410 805 1484 visitatio
836 1414 876 1486 in

124 1528 297 1625 propriae
310 1528 486 1601 ecelesiae
508 1529 761 1601 visitationem
780 1556 878 1602 oom-

124 1653 302 1735 mutatuv‚
325 1643 421 1716 hano
445 1670 490 1717 ex
518 1643 600 1717 looo
621 1644 688 1716 ubi
717 1645 877 1718 Missam

125 1759 254 1833 audire
277 1761 407 1853 solent,
431 1759 583 1833 visitare
604 1768 771 1857 possunt.

176 1882 206 1949 5.
232 1875 378 1948 Davom
430 1902 508 1948 esse
545 1876 660 1949 debet
697 1877 876 1951 eeclesiae

124 1990 300 2076 visitatio,
324 1990 345 2064 i.
370 2017 396 2065 e.
421 1991 546 2063 animo
578 1991 753 2064 honorem
789 1993 876 2066 Deo

125 2115 190 2179 aut
225 2106 374 2181 Sanctis
417 2111 497 2204 ejus
534 2107 736 2180 exhibendi
771 2108 875 2182 insti·

124 2232 208 2296 tuta
224 2222 336 2323 (Bon.
351 2222 425 2296 xiv.
437 2249 463 2297 o.
485 2222 590 2295 Inter
600 2227 828 2319 praeteritos,
849 2227 873 2324 ξ

125 2343 203 2434 76.).
265 2338 383 2410 Porro
420 2337 533 2412 etiam
576 2338 613 2411 in
656 2338 787 2412 itinere
822 2342 873 2415 ad

82 2498 84 2502 ·
123 2453 314 2527 eeclesiam
329 2454 451 2550 (quod
477 2463 601 2527 tamen
625 2481 733 2527 nemo
755 2457 873 2552 pedes

122 2572 242 2642 faeere
275 2572 444 2669 tenetur)
488 2569 639 2642 devotio
678 2597 720 2643 eo
758 2599 872 2646 sensu

123 2685 262 2782 requiri
283 2686 449 2778 videtum
472 2694 524 2778 ut,
551 2687 872 2782 quemadmodum

123 2801 293 2898 loquitur
316 2789 417 2876 idem
442 2803 531 2875 Ben.
558 2802 633 2876 xiv.
659 2804 744 2896 (io),
767 2809 872 2879 “mo-
