1854 3278
412 308 450 366 19

59 483 258 581 utriusque
300 509 411 557 sexus
450 482 591 558 Christi
624 483 802 558 fidelibus

59 583 316 696 plenissimam
358 592 596 681 peccatorum
636 583 802 656 omnium

58 681 349 781 1ndulgentiam,
362 683 409 755 ad
428 682 614 781 generalis
630 683 657 756 J
660 682 802 756 ubilaei

58 782 224 875 modum,
243 781 491 875 concedimus,
511 809 554 855 ea
571 791 698 855 tamen
720 807 802 854 con·

59 880 205 954 ditione
233 889 271 953 et
300 881 393 979 lege,
423 890 466 954 ut
500 881 601 955 intra
635 880 800 978 spatium

60 979 150 1052 anni
184 979 347 1078 proximi
399 979 798 1055 MDOOOLXXXVI.

59 1078 161 1172 haec,
182 1105 277 1177 quae
294 1079 395 1153 infra
422 1080 563 1179 scripta
589 1089 687 1174 sunt,
717 1079 799 1155 effe

59 1179 192 1254 corint.

110 1278 306 1377 Quotquot
332 1277 474 1352 Romae
498 1287 587 1352 sunt
603 1278 702 1353 cives
719 1277 799 1352 hos·

57 1376 204 1475 pitesve
247 1377 449 1450 Basilicam
499 1376 798 1471 Lateranensem,

57 1477 150 1550 item
168 1477 393 1551 Vaticanam
411 1488 448 1550 et
474 1476 713 1550 Liberianam
743 1476 800 1552 bia

58 1577 197 1649 adeant
218 1576 295 1676 (l),
319 1576 449 1674 ibique
475 1576 698 1674 aliquandiu
728 1603 798 1675 pro

58 1675 252 1749 Ecclesiae
271 1675 487 1749 Catholicae
499 1686 537 1750 et
552 1676 665 1775 hujus
677 1678 797 1774 Apos-

57 1775 195 1850 tolicae
222 1775 331 1850 Sedis
361 1775 610 1873 prosperitate
637 1785 675 1848 et
700 1777 799 1849 exal·

56 1875 210 1967 tatione,
238 1902 306 1974 pro
325 1875 576 1972 extirpatione
603 1875 798 1948 haeresum

57 1974 299 2072 omniumque
323 1975 527 2047 errantium
545 1974 796 2068 conversione,

56 2099 127 2172 pro
154 2074 453 2148 Christianorum
480 2073 699 2172 Principum
717 2100 797 2147 con·

57 2173 187 2246 cordia
205 2200 247 2246 ac
265 2167 383 2246 totius
402 2173 525 2247 fidelis
547 2173 682 2271 populi
705 2200 797 2271 pace

57 2281 96 2346 et
115 2272 269 2364 unitate,
288 2272 496 2344 secundum
519 2287 682 2347 mentem
704 2273 798 2346 Noa

56 2380 153 2444 tram
164 2371 246 2469 pias
261 2371 309 2444 ad
320 2372 444 2444 Deum
458 2397 586 2469 preces
601 2372 798 2445 effundant

57 2470 137 2569 (2).
181 2470 300 2543 Iidem
335 2471 430 2543 duos
465 2470 545 2544 dies
574 2470 797 2544 esurialibus

55 2578 206 2642 tantum
224 2569 318 2642 cibis
335 2578 486 2643 utentes
503 2573 682 2668 jejunent,
697 2596 797 2668 prae·

54 2677 116 2742 ter
132 2668 213 2743 dies
238 2669 278 2741 in
305 2668 620 2767 quadragesimali
645 2669 797 2742 indulto

55 2793 132 2843 non
151 2768 445 2868 comprehensos,
470 2778 536 2843 aut
561 2769 655 2843 alias
682 2768 796 2843 simili
