1854 3278
469 224 508 283 48

115 380 438 478 supervenientem
472 382 637 481 corporis
662 381 861 481 indisposi-

114 496 263 588 tionem‚
282 524 305 570 a
322 497 357 571 S.
377 498 645 572 Communione
667 498 860 573 abstinere

114 623 315 712 cogeretur,
334 615 579 688 confessarius
597 614 684 688 huic
695 615 721 689 J
722 614 861 688 ubilae

114 753 178 802 um
211 728 435 827 prudentius
477 730 696 830 prorogabit
731 730 862 829 potius

114 871 227 942 quam
246 846 501 921 commutabit.
781 854 782 857 ’

163 988 190 1036 c.
207 960 354 1036 ¹Oratio
396 962 586 1036 occasione
634 959 863 1034 visitationis

115 1077 350 1151 ecclesiarum
376 1077 612 1176 praescripta,
639 1076 863 1150 commutari

113 1193 257 1290 nequit,
268 1194 354 1268 licet
373 1193 456 1292 ipsa
474 1192 640 1266 visitatio
658 1200 864 1266 commute-

114 1317 178 1383 tur
205 1309 313 1407 (Ben.
344 1309 418 1384 xiv.
450 1336 479 1384 c.
508 1309 614 1383 Inter
630 1310 861 1405 praeteritos,

116 1425 238 1524 §53).

166 1548 196 1615 5.
238 1541 568 1634 Commutationes,
620 1538 861 1638 quemadmo-

115 1654 205 1729 dum
240 1665 277 1729 et
312 1655 606 1753 dispensationes
642 1679 683 1728 ac
715 1655 860 1728 absolu-

114 1773 234 1844 tiones
268 1770 315 1844 de
348 1772 487 1868 quibus
522 1770 621 1844 infra
656 1769 727 1844 sub
757 1770 859 1869 (16),

114 1895 220 1960 extra
262 1894 386 1961 actum
425 1886 664 1960 confessionis
700 1885 861 1959 exerceri

114 2011 315 2100 nequeunt.
377 2001 438 2075 Ita
464 2002 553 2077 Ben.
587 2003 660 2075 xiv.
691 2000 739 2099 (c.
772 2002 859 2076 tta

114 2122 258 2203 uocatis,
277 2118 300 2216 ξ
320 2118 396 2217 25).
432 2118 479 2193 In
496 2116 780 2215 interpretando
802 2140 862 2191 au-

114 2245 190 2308 tem
224 2235 250 2309 J
252 2234 392 2308 ubilaei
427 2243 509 2308 tum
552 2233 742 2327 ordinarii,
778 2241 863 2308 tum

115 2349 398 2424 extraordinarii
449 2349 607 2424 Indulto
652 2345 898 2427 servandae}

115 2474 201 2540 sunt
223 2467 374 2565 regulae
411 2492 433 2539 a
465 2466 635 2564 praefato
663 2467 753 2541 Ben.
784 2467 864 2559 xiv,

115 2581 233 2675 datae,
269 2582 416 2679 quoties
451 2581 496 2656 iis
529 2606 606 2654 non
640 2582 866 2658 adversatur

116 2697 235 2772 Breve
270 2699 296 2773 J
298 2697 437 2772 ubilaei
470 2720 539 2797 pro
581 2706 748 2798 tempore
783 2725 866 2775 cura

115 2813 233 2887 rentis
253 2813 430 2914 (Prinniv.
448 2839 481 2889 n.
500 2821 673 2915 nonme).
