1854 3278
486 250 529 312 22

134 454 213 503 sese
239 427 456 528 receperint,
474 428 628 504 visitato
649 429 767 505 semies
793 439 881 504 tem*

133 529 200 626 plo
233 530 396 602 maximo
439 555 505 603 seu
530 529 743 627 parochiali·
778 528 880 628 (ll),

133 628 363 726 caeterisque
399 629 586 726 operibns,
622 655 718 727 quae
765 654 882 727 supra

132 727 363 827 praescripta
384 736 480 812 sunt,
501 728 574 801 rite
593 727 766 826 peractis,
787 755 879 802 eam-

133 828 219 901 dem
237 827 513 926 indulgentiam
530 827 707 925 consequi
725 836 878 923 queant

29 935 35 946 '
132 926 387 1026 Regularibus
421 953 510 1006 velo
546 927 714 1024 personis
741 927 878 1001 utiius·

133 1052 206 1124 que
225 1053 345 1119 sexus,
365 1026 479 1100 etiam
504 1027 576 1099 in
558 1026 710 1099 claust'
664 1037 731 1099 tris
750 1053 877 1140 perpe·

133 1136 199 1197 tno
235 1085 372 1224 degent
358 1127 469 1219 tibus
503 1152 647 1200 necnon
675 1126 761 1199 aliis
801 1125 879 1224 qni·

134 1224 367 1395 buscumque
387 1235 464 1299 tam
489 1225 596 1299 laicis
597 1251 739 1322 ‚quam
765 1227 877 1300 eccle·

134 1323 224 1396 siast
227 1324 302 1416 ieie,
342 1325 409 1422 qni
456 1351 611 1417 cancere,
656 1325 880 1400 infirmitate

133 1449 309 1521 ceipene
345 1434 411 1498 aut
451 1425 527 1498 alia
569 1424 740 1537 qnalibet
774 1428 880 1524 justa

133 1548 263 1597 caussa
287 1524 553 1621 impediantur,
580 1551 780 1622 qnomlnus
807 1550 877 1598 me·

134 1633 277 1697 moiata
320 1649 442 1722 opera,
478 1624 540 1698 vel
576 1650 704 1697 eornm
747 1623 879 1722 aliqua

132 1732 258 1821 praest
260 1732 333 1816 ent,
308 1723 608 1817 tconcedimus
635 1732 679 1797 ut
705 1749 750 1797 ea
784 1723 877 1797 Ocn-

131 1822 331 1897 tessanius
323 1849 361 1895 ιιι
380 1822 455 1895 alia
479 1822 584 1920 pieta
587 1823 633 1896 tis
652 1849 766 1937 opera
783 1849 878 1897 com·

132 1932 277 1997 mutare
304 1922 423 2019 possit
443 1921 546 2022 (12),
565 1923 642 1996 fact
627 1932 667 1995 ta
684 1921 798 1995 etiam
817 1949 879 2021 po·

132 2034 266 2098 testate
229 2021 534 2119 tdispensandi
569 2048 681 2120 supei
707 2022 880 2096 Commu·

132 2124 283 2198 nionem
325 2149 410 2195 cum
452 2121 579 2220 p'ueris
617 2122 783 2195 nondum
827 2122 880 2196 ad

132 2225 292 2324 primam
340 2221 649 2336 Communionem
704 2219 881 2334 admissis

136 2325 239 2439 (14).
293 2323 371 2395 Ins
360 2348 453 2419 iper
478 2320 663 2395 universis
692 2330 729 2394 et
755 2320 879 2434 singu-

134 2424 182 2497 lis
235 2421 375 2497 Christi
418 2420 606 2513 fidelibus,
649 2429 728 2493 tam
770 2419 881 2495 laicis

135 2550 248 2621 quam
271 2519 541 2612 ecclesiasticis,
561 2518 817 2593 saecularibus
835 2547 880 2594 ac

135 2622 372 2795 regulanibtus
399 2618 566 2733 cujusvis
582 2618 794 2693 01d1n1s
756 2628 794 2693 e
820 2619 880 2694 In·

135 2721 271 2807 stituti
298 2721 413 2795 etiam
444 2717 659 2818 specialit1e1
689 2718 886 2794 nominan-
