1854 3278
490 275 530 334 24

137 452 326 527 dictnmt
310 453 489 567 temporis
517 459 602 550 spat
604 451 691 544 inm,
721 451 773 526 ad
806 479 884 528 con·

136 552 337 626 sessionem
356 552 486 650 apud
476 577 600 651 ipsum
629 577 698 650 per
698 553 886 650 agendam

136 651 355 725 accedentes
374 651 498 724 animo
524 676 701 749 praesens
716 650 885 727 Jubilae

135 777 201 824 um
227 750 490 848 consequendi,
518 760 556 823 et
586 750 733 848 reliqua
762 778 886 867 opera

136 850 186 922 ad
211 849 310 922 illud
337 850 560 923 lucrandum
587 849 799 925 necessaria
825 852 885 925 ad·

135 948 330 1046 implendi,
350 949 470 1022 hac
435 976 516 1023 vice
538 947 612 1049 (16
635 949 754 1026 arelat.
772 951 885 1052 aet)

135 1048 174 1120 in
188 1050 272 1122 foro
290 1047 539 1123 conscientiae
566 1050 766 1124 dumtaxat
787 1050 884 1151 (17)

136 1148 184 1220 ab
196 1148 606 1241 excommunicationis,
625 1149 883 1247 suspensionis

136 1257 173 1320 et
204 1248 289 1322 aliis
318 1248 581 1322 ecclesiasticis
612 1248 812 1323 sententiis
848 1258 884 1322 et

135 1372 268 1419 censui
269 1374 352 1440 rs
331 1352 498 1446 ajuro
473 1348 536 1421 vel
555 1347 603 1421 ab
622 1347 775 1422 homine
795 1375 880 1446 qua

126 1445 192 1518 ,vis
206 1447 254 1520 de
268 1473 398 1520 caussa
411 1447 498 1521 latis
511 1473 575 1521 seu
588 1446 805 1539 inflictissttet
807 1448 881 1522 iam

135 1543 347 1620 Ordinariis
375 1546 470 1645 (18)
498 1547 730 1620 locorum
692 1555 730 1620 e
756 1546 879 1621 Nobis

134 1669 199 1718 seu
227 1645 316 1719 Sodi
343 1645 606 1761 Apostolicae
619 1644 774 1743 speciali
800 1645 881 1721 licet

133 1743 239 1818 modo
257 1745 468 1837 reservatis,
487 1755 525 1820 et
543 1771 610 1843 qul
599 1745 749 1819 “alias
739 1772 781 1818 111
799 1773 879 1819 con·

134 1843 299 1918 cessione
325 1852 445 1942 quant
447 1844 570 1918 umvis
586 1846 721 1959 ampla
734 1871 809 1919 non
829 1846 879 1918 in-

133 1942 396 2040 telligerentur
432 1944 605 2038 concessi,
641 1971 787 2019 necnon
831 1945 880 2018 ab

29 2086 32 2092 ·
134 2042 308 2116 omnibus
360 2044 524 2142 peccatis
575 2055 614 2118 et
665 2043 880 2118 excessibus

134 2151 479 2258 quantumcumque
509 2143 687 2242 gravibus
714 2152 751 2217 e
779 2169 881 2217 enor-

134 2241 268 2334 mibus,
284 2242 396 2316 etiam
408 2243 543 2316 iisdem
555 2242 767 2316 Ordinariis
783 2241 880 2342 (18)

135 2367 177 2414 ac
208 2342 328 2415 Nobis
356 2352 394 2416 et
427 2342 517 2418 sedi
543 2342 800 2458 Apostolicae,
837 2351 882 2415 ut

136 2441 357 2556 praefertur,
375 2441 574 2516 reservatis
576 2442 771 2557 ,injuncta
787 2441 883 2540 ipsis

136 2540 371 2640 poenitentia
388 2542 545 2615 salutari
559 2541 718 2656 aliisque
732 2542 811 2614 de
797 2567 884 2640 Jure

136 2641 389 2738 injungendis,
409 2641 555 2733 et,s1de
573 2640 718 2715 haeresi
735 2645 885 2757 agatur,

138 2739 322 2838 abjuratis
340 2739 445 2839 prius
464 2767 506 2814 ac
524 2739 737 2815 retractatis
756 2740 887 2815 errori·
