1854 3278
444 301 482 363 39

89 462 168 535 suis
199 459 453 559 superioribus
466 486 482 553 3>
502 477 682 556 pauperes
711 483 733 529 a
759 480 832 528 non

88 576 328 676 pauperibus.
397 574 509 667 Quod
538 574 570 648 si
599 573 693 647 nihi]
721 573 835 670 impe-

89 701 189 766 trare
200 692 397 786 valuerint,
412 690 665 766 aeonfessario
679 712 832 761 commu·

89 807 271 883 tationem
288 807 400 905 hujus
424 807 546 905 operis
572 805 611 879 in
642 803 745 878 aliud
771 803 835 876 ob-

88 923 209 997 tinere
226 924 421 999 curabunt.
448 921 693 997 satisfaciunt
710 930 833 993 tamen

88 1039 258 1138 praefati,
277 1039 317 1133 si,
336 1039 501 1137 ipsorum
519 1037 667 1111 nomine
685 1046 722 1110 et
743 1036 834 1135 ipsis

89 1153 295 1228 scientibus
332 1181 374 1228 ao
416 1151 741 1245 consentientibus,
786 1153 833 1225 ab

88 1269 173 1342 aliis
193 1269 325 1369 (aga
353 1270 571 1369 parentibus
601 1293 669 1366 pro
698 1267 795 1359 filiis,
814 1295 835 1340 a

88 1384 345 1483 superioribus
371 1410 439 1483 pro
465 1383 666 1484 religiosis)
686 1384 834 1458 eleemo-

89 1526 184 1600 syna
197 1510 376 1600 erogetur.

140 1620 173 1691 3.
200 1615 317 1690 Haud
332 1642 425 1714 opus
443 1624 508 1706 est,
530 1624 571 1689 ut
596 1614 680 1714 quis
702 1640 773 1712 per
800 1641 835 1689 ae

89 1733 214 1830 braum
232 1731 376 1829 aliquid
393 1731 432 1805 in
459 1731 563 1829 pium
596 1757 690 1830 opus
717 1731 834 1804 conie-

88 1856 170 1923 rat:
200 1856 325 1946 potest
354 1872 517 1945 namque
548 1847 587 1921 id
620 1873 685 1946 per
720 1846 835 1920 alium

88 1964 216 2038 facere.
258 1963 387 2063 Hujus
406 1973 530 2039 tamen
550 1962 752 2037 infidelitas
769 1973 835 2036 aut

88 2079 316 2180 negligentia
342 2079 593 2173 mandantem,
616 2081 727 2177 juxta
756 2079 834 2177 plu-

88 2222 148 2270 res
177 2196 284 2297 (vide
313 2197 348 2272 S.
375 2197 490 2295 Alph.
524 2195 568 2271 L.
586 2197 633 2272 vi.
651 2222 684 2271 n.
702 2201 783 2281 538,
801 2224 834 2294 q.

87 2312 136 2386 xi.
156 2312 257 2388 Dub.
276 2313 329 2412 2),
347 2312 374 2387 J
376 2313 524 2387 ubilaeo
548 2313 722 2410 privaret,
741 2323 835 2410 puta

87 2428 119 2503 si
159 2428 413 2503 mandatarius
459 2429 730 2527 eleemosynam
772 2429 833 2502 vel

87 2543 161 2618 sibi
192 2545 368 2619 retineret
399 2555 465 2619 aut
492 2544 711 2644 parentibus
747 2545 844 2618 ami-'

87 2658 189 2733 oisve
208 2658 373 2754 donaret,
393 2661 453 2733 ve]
483 2661 608 2759 elapso
625 2663 703 2759 jam
728 2660 755 2734 J
758 2660 833 2734 ubi·
851 2653 861 2664 ’

87 2773 160 2849 laei
173 2783 339 2873 tempore
358 2785 533 2875 erogaret.

121 2927 165 2981 Gt.
181 2925 314 2993 Koninge‚
332 2925 381 2978 Tb.
400 2924 451 2990 M„
465 2941 492 2979 n.
511 2927 583 2990 1786,
604 2925 654 2993 Qu.
673 2925 709 2991 ὃς
732 2928 775 2980 vel
793 2929 832 2982 st.

88 2993 172 3062 Alph.
186 2992 236 3047 VI.
250 2993 306 3056 588,
324 2991 372 3058 Qu.
388 2992 427 3045 11.
462 2991 500 3045 N.
515 2993 578 3046 edit.
