1854 3278
489 281 623 348 ,14

233 459 321 534 dine
356 459 541 558 spiritum,
578 459 786 558 plurimum
822 459 924 533 omni

232 560 397 633 valitura
431 570 519 633 sunt
555 559 729 656 exempla
766 568 804 633 et
852 585 921 657 gra

232 657 436 734 1111101111
478 659 709 734 Anastasis
742 658 872 756 patris,
915 690 927 727 0

233 785 319 832 eum
349 784 494 832 summa
528 757 743 831 innocentia
770 757 870 830 vitae
897 766 927 830 1Ι

232 866 315 931 tum
341 857 539 956 conjunxit
564 857 733 930 studium
764 856 927 954 castiga

233 957 301 1050 sui,
321 967 358 1030 et
384 957 409 1030 J
412 983 476 1029 esu
503 956 645 1030 Christi
664 956 831 1028 crucifixi
849 955 917 1027 im

232 1082 318 1128 nem
353 1082 429 1128 non
463 1056 586 1128 minus
619 1055 697 1128 vita
732 1063 769 1128 et
798 1055 921 1127 morib

234 1180 347 1252 quarn
365 1154 554 1252 impressis
581 1154 765 1227 divinitus
789 1153 907 1252 siguis

232 1253 367 1328 tulisse
403 1254 586 1328 videatur.
637 1253 756 1351 Leges
791 1256 872 1351 ejus
916 1259 927 1321 t

234 1352 344 1446 (linia,
380 1379 473 1451 quas
508 1362 722 1451 opportune
757 1362 918 1449 temper

233 1477 326 1545 mus,
353 1453 466 1550 longe
501 1463 589 1525 sunt
624 1453 672 1525 ad
706 1451 909 1551 perferenti

234 1552 359 1627 leves:
395 1561 624 1625 momentum
655 1552 703 1624 ad
723 1550 927 1624 Christian

234 1650 414 1724 virtutem
432 1651 573 1724 habent
591 1677 666 1723 non
685 1652 779 1725 leve.

284 1751 435 1824 Deinde
452 1777 542 1824 vero
559 1749 600 1822 in
618 1750 677 1822 his
699 1748 858 1847 privatis
884 1775 911 1847 p

234 1848 394 1948 liciaque
421 1850 537 1923 tantis
565 1850 863 1941 necessitatibus
892 1876 912 1921 c

234 1958 316 2023 tota
350 1976 435 2048 spes
471 1948 603 2021 salutis
630 1949 762 2047 utique
790 1949 829 2021 in
856 1958 924 2044 pat

235 2048 334 2122 einio
387 2050 584 2145 tutelaque
638 2048 760 2121 Patris
804 2049 925 2121 caeles

236 2147 424 2239 consistat,
444 2174 678 2245 magnopere,
692 2148 884 2239 vellemus,
905 2173 922 2220 s

236 2247 342 2320 dium
390 2246 568 2344 precandi
609 2256 783 2320 constans
821 2256 858 2319 et
892 2273 912 2319 c

234 2345 373 2420 fiducia
391 2349 634 2442 conjunctum
647 2345 878 2419 reviviscere.

235 2445 338 2518 omni
382 2471 517 2543 magno
554 2444 789 2518 Christianae
830 2443 912 2543 reip

235 2544 331 2619 linae
376 2553 554 2642 tempore,
590 2544 737 2642 quoties
782 2544 917 2617 Eecles

235 2643 421 2735 usuvenit,
441 2654 484 2716 ut
510 2642 572 2716 vel
600 2643 763 2716 externis
788 2643 916 2741 pericu

235 2743 299 2817 vel
322 2741 511 2816 intestinis
532 2752 764 2842 premeretur
781 2742 922 2816 innomi
